2193 3641
151 171 494 237 ARNOLDI
533 170 930 234 CHRONICA
969 169 1410 231 SLAVORUM.
1485 171 1628 230 LlB.
1679 171 1720 230 1.
1817 175 1890 233 19

66 347 127 399 et
150 338 454 420 lapidibus
482 336 800 418 preciosis.
857 336 1004 396 Inde
1032 355 1144 416 per
1170 338 1433 396 eandem
1461 336 1628 396 viam
1654 336 1890 397 reversi
1915 347 2045 394 1172.

66 431 212 483 sunt
256 422 331 481 ad
378 419 734 498 ecclesiam,
779 427 841 479 et
886 419 1227 479 collocatus
1273 428 1371 479 est
1415 440 1524 480 rex
1563 420 1625 479 in
1667 421 1891 481 throno

67 525 180 565 suo
228 504 500 583 excelso,
541 511 603 562 et
645 505 767 562 dux
798 502 859 561 in
894 502 1013 562 alio
1047 502 1213 561 iuxta
1249 522 1415 582 eum,
1460 513 1521 564 et
1554 503 1893 564 missarum

67 586 438 668 sollempnia
479 586 970 646 celebrabantur.

189 675 245 732 5.
302 669 392 729 De
434 668 848 747 disputatione
880 669 1206 730 Grecorum
1251 675 1310 729 et
1334 669 1605 729 Heinrici
1635 669 1892 730 abbatis.

62 753 255 834 Igitur
284 762 427 835 post
448 753 773 813 meridiem
808 772 950 812 cum
982 772 1092 812 rex
1125 772 1264 812 cum
1299 755 1457 813 duce
1488 753 1669 813 letior
1700 762 1895 833 esset,

64 837 260 896 movit
305 837 701 918 questionem
750 839 1016 897 domnus
1055 837 1544 897 wormaciensis
1591 857 1711 896 una
1751 856 1892 896 cum

63 920 413 982 Lubicense
458 941 600 980 cum
639 920 1103 980 litteratioribus
1137 920 1480 980 Grecorum
1523 923 1599 980 de
1642 939 1895 1001 proces-

66 1004 244 1065 sione
276 1004 540 1085 Spiritus
586 1004 802 1064 sancti.
871 1003 1096 1063 Dicunt
1135 1003 1302 1063 enim
1335 1003 1549 1080 Greci,
1595 1002 1892 1084 Spiritum

67 1096 353 1147 sanctum
411 1090 748 1167 procedere
789 1096 1031 1146 tantum
1076 1106 1109 1145 a
1150 1087 1332 1146 Patre
1378 1094 1441 1145 et
1484 1107 1608 1145 non
1649 1106 1681 1145 a
1723 1086 1894 1165 Filio,

64 1170 271 1230 verbis
305 1170 549 1230 Domini
589 1170 772 1230 nimis
807 1170 1209 1249 adherentes,
1242 1168 1344 1250 qui
1370 1171 1446 1229 de
1485 1169 1894 1250 processione

65 1253 332 1333 Spiritus
365 1253 562 1313 sancti
596 1254 859 1334 loquens
893 1253 1007 1313 ait:
1064 1253 1211 1312 Cum
1235 1258 1436 1312 autem
1457 1254 1684 1312 venerit
1699 1253 1897 1312 Para·

65 1336 268 1415 cletus,
314 1339 417 1416 qui
453 1356 492 1395 a
521 1336 703 1396 Patre
725 1335 1009 1414 procedit
1035 1335 1189 1396 etc.¹
1265 1335 1740 1415 opponentibus
1787 1355 1895 1393 au·

63 1427 191 1479 tem
223 1418 367 1498 illis,
399 1419 542 1499 quia
572 1420 836 1499 Spiritus
871 1417 1150 1498 procedit
1179 1437 1213 1476 a
1247 1417 1394 1476 Filio
1429 1417 1588 1477 sicut
1619 1437 1653 1476 a
1686 1418 1895 1494 Patre,

66 1503 207 1584 quia
239 1502 505 1584 Spiritus
539 1510 795 1562 sanctus
829 1509 926 1561 est
950 1500 1147 1560 Patris
1181 1508 1241 1560 et
1264 1499 1395 1560 Filii
1420 1508 1502 1580 et,
1536 1519 1679 1560 cum
1704 1500 1896 1582 Spiri-

63 1595 164 1647 tus
211 1585 408 1647 sancti
451 1585 650 1667 gratia
692 1587 871 1645 datur
901 1583 1279 1663 hominibuS,
1321 1584 1602 1665 profecto
1636 1584 1898 1645 mittitur

66 1690 99 1729 a
125 1671 328 1748 Patre,
361 1668 618 1729 mittitur
648 1677 708 1729 et
741 1689 774 1728 a
807 1668 978 1747 Filio,
1010 1667 1288 1748 procedit
1319 1688 1352 1727 a
1379 1668 1583 1747 Patre,
1615 1669 1896 1749 procedit

66 1762 127 1812 et
159 1773 192 1812 a
225 1754 394 1832 Filio,
441 1753 579 1833 quia
615 1751 833 1813 missio
867 1760 963 1813 est
1003 1752 1138 1833 ipsa
1174 1750 1308 1811 eius
1341 1751 1683 1831 processio.
1744 1752 1895 1812 Gre-

65 1835 154 1896 cis
202 1836 404 1896 adhuc
436 1835 1020 1913 contradicentibus,
1067 1834 1241 1914 quasi
1280 1834 1483 1915 plenis
1517 1834 1895 1894 auctoritati-

64 1922 180 1981 bus
214 1921 489 1979 nondum
522 1918 822 1998 conclusi,
854 1921 1044 1980 abbas
1077 1917 1428 1997 HeinricUS,
1457 1918 1550 1978 vir
1580 1918 1895 1978 litteratis·

65 2002 264 2063 simus
297 2010 360 2063 et
383 2002 892 2080 facundissimuS,
925 2004 1209 2062 modeste
1234 2002 1525 2063 incoans:
1569 2000 1707 2062 Non
1739 2021 1893 2061 erre-

65 2089 161 2166 tis,
191 2085 296 2165 ait,
340 2106 376 2146 o
404 2085 689 2146 catholici
728 2091 787 2145 et
828 2084 1097 2163 reliyiosi
1134 2087 1266 2164 viri,
1308 2084 1566 2145 dicentes
1597 2084 1894 2162 Spiritum

66 2175 342 2231 sanctum
359 2174 594 2229 tantum
617 2188 657 2228 a
680 2169 863 2229 Patre
880 2167 1227 2247 procedere,
1261 2174 1319 2228 et
1335 2188 1455 2228 non
1482 2188 1522 2227 α
1545 2168 1722 2246 Filio,
1747 2171 1893 2248 quia

58 2253 245 2332 plane
265 2252 550 2331 procedit
573 2273 614 2312 a
641 2252 796 2312 Filio
827 2254 988 2313 sicut
1015 2272 1055 2311 a
1086 2251 1283 2311 Patre.
1342 2250 1519 2327 Quod
1547 2271 1768 2330 neyare
1797 2251 1893 2311 he-

65 2340 390 2397 reticorum
419 2343 523 2399 est,
573 2335 749 2411 Quod
773 2339 928 2396 enim
960 2334 1034 2395 de
1063 2341 1317 2416 utroque
1338 2335 1656 2415 procedat,
1687 2335 1894 2395 multis

67 2419 408 2481 divinorum
440 2419 817 2500 eloquiorum
848 2421 1200 2480 testimoniis
1228 2420 1676 2496 comprobatur.
1734 2419 1900 2477 Dicit

67 2505 223 2563 enim
272 2503 619 2580 apostolus:
703 2503 869 2563 Misit
922 2504 1090 2563 Deus
1141 2502 1436 2581 Spiritum
1490 2502 1618 2561 Filii
1681 2502 1775 2561 sui
1829 2501 1891 2560 in

69 2588 255 2646 corda
288 2595 500 2646 nostra
520 2585 562 2644 2.
623 2586 779 2645 Ecce
807 2586 902 2644 hic
933 2585 1153 2645 dicitur
1182 2584 1445 2661 Spiritus
1474 2584 1629 2643 Filii.
1676 2585 1756 2644 Et
1777 2585 1893 2644 ibi:

67 2667 185 2740 Qui
229 2676 440 2728 autem
471 2668 766 2749 Spiritum
803 2668 1028 2728 Christi
1075 2687 1196 2725 non
1238 2669 1445 2745 habet,
1492 2668 1592 2727 hic
1636 2689 1759 2727 non
1797 2676 1893 2727 est

69 2751 202 2811 eius
219 2749 259 2810 3.
317 2751 451 2828 Ipse
491 2753 668 2810 etiam
698 2749 888 2807 Filius
931 2749 1004 2808 de
1033 2749 1263 2826 Spiritu
1293 2757 1506 2811 sancto
1540 2753 1599 2810 in
1631 2770 1893 2828 ewanye-

67 2834 150 2895 lio
182 2836 305 2894 ait:
350 2834 553 2906 Quem
587 2852 705 2914 ego
741 2832 981 2891 mittam
1007 2831 1180 2892 vobis
1208 2852 1240 2891 a
1268 2833 1451 2893 Patre
1468 2832 1510 2893 4.
1556 2832 1760 2893 Patris
1782 2851 1894 2890 au-

67 2924 182 2979 tem
213 2917 475 2997 Spiritus
506 2915 702 2976 dictus
732 2920 835 2993 est,
875 2914 978 2974 ubi
1007 2914 1259 2993 leqitur:
1319 2916 1585 2999 Spiritus
1620 2917 1754 2976 eius
1788 2914 1888 2995 qui

69 3001 394 3063 suscitavit
425 3002 633 3061 lesum
666 3021 700 3060 a
726 2998 1007 3077 mortuiS,
1038 2997 1274 3060 habitat
1304 2999 1364 3060 in
1391 3001 1565 3061 vobis
1582 2999 1623 3058 ⁵.
1668 2998 1751 3058 Et
1768 3000 1894 3075 ipse

70 3084 339 3146 Christus
369 3084 548 3144 dicit:
596 3084 730 3144 Non
758 3081 922 3143 enim
956 3101 1070 3142 vos
1104 3083 1257 3144 estis
1285 3084 1386 3165 qui
1408 3080 1753 3163 loquimini,
1780 3083 1889 3142 sed

69 3168 334 3250 Spiritus
368 3167 561 3250 patris
594 3166 809 3244 vestri,
842 3166 944 3246 qui
975 3167 1245 3248 loquitur
1275 3168 1335 3227 in
1370 3167 1541 3227 vobis
1557 3164 1599 3226 Β.
1658 3165 1740 3224 Et
1766 3165 1891 3224 alio

73 3293 113 3348 1)
149 3295 331 3341 lohann.
370 3294 438 3348 15,
473 3295 550 3342 26.
680 3292 728 3351 2)
762 3291 908 3339 Galat.
942 3293 986 3348 4,
1019 3296 1062 3340 6.
1186 3295 1229 3351 3)
1263 3294 1451 3339 Roman.
1483 3292 1528 3347 8,
1561 3293 1604 3338 9.
1730 3293 1774 3349 4)
1810 3290 1894 3336 Er.

70 3354 255 3400 lohann.
289 3355 318 3400 l.
353 3357 382 3400 l.
508 3355 552 3415 5)
586 3353 775 3400 Roman.
807 3353 852 3409 8,
891 3354 960 3400 ¹1.
1085 3356 1129 3413 6)
1161 3353 1319 3400 Matth.
1360 3355 1428 3406 10,
1458 3354 1537 3433 29.

1426 3418 1462 3477 2
