2193 3641
216 200 250 254 4
473 189 820 250 ARNOLDI
869 186 1272 246 CHRONICA
1319 185 1763 246 SLAVORUM.

214 360 268 416 d.
307 358 453 417 Maii
485 361 579 417 23.
613 361 864 432 royatus
904 354 981 412 ab
1012 352 1282 412 Arnoldo
1316 355 1745 413 monasterium
1782 353 1935 431 „sub
1967 353 2021 413 b.

212 443 369 500 Petri
386 449 440 499 et
453 460 565 498 sua
575 441 829 516 protecti
834 438 986 496 one“
1003 439 1366 515 munivitque
1377 436 1656 513 pluribus
1667 436 2024 515 privilegiis,-

210 527 585 584 Innocentius
607 524 709 581 ΙΙΙ.
744 523 1096 580 monasterii
1120 522 1535 597 patrocinium
1559 539 1617 578 a.
1639 521 1793 580 1207
1827 539 2025 580 susce-

204 611 326 686 pit3
352 607 503 666 idem
539 626 594 664 a.
629 608 786 666 1208
818 607 968 664 inter
997 606 1431 663 monasterium
1463 609 1516 662 et
1546 602 1771 681 urbem,
1804 602 1878 663 de
1897 605 2025 680 pis-

211 695 345 751 cina
377 689 642 770 quadam
678 690 1087 747 controversia
1120 693 1277 765 orta,
1309 687 1580 746 arbitros
1599 686 2023 747 Swerinensem

212 781 266 835 et
280 774 821 849 Racesburyensem
847 775 1162 848 episcopos
1186 791 1321 829 cum
1345 770 1566 829 abbate
1581 769 2027 849 Luneburyensi

212 860 531 917 constituit.
604 854 908 913 Arnoldus
940 855 1151 933 abbas9
1195 874 1312 933 quo
1346 874 1508 913 anno
1539 856 1664 913 vita
1695 856 2025 933 excesserit,

212 945 530 1019 iynoratur
546 964 567 1015 ‚-
600 938 751 996 illud
782 945 1010 997 tantu-m
1044 943 1299 1016 constat,
1323 957 1541 997 nomen
1571 939 1696 996 eius
1710 944 2022 1013 postremo

212 1029 360 1083 inter
392 1029 561 1082 testes
608 1021 954 1097 diplomatis
983 1022 1210 1080 Alberti
1256 1023 1490 1080 comitis
1520 1020 2026 1099 Racesburyensis

203 1114 351 1184 post
378 1128 432 1165 a.
462 1109 638 1182 1211,
672 1111 807 1163 ante
839 1126 894 1163 a.
936 1108 1090 1166 1213
1126 1104 1276 1183 dati,
1308 1124 1522 1163 nomen
1552 1103 1809 1164 Gerardi
1839 1105 2025 1164 abba-

213 1194 287 1249 tis
311 1188 556 1248 secundi
575 1190 770 1264 primo
804 1191 862 1247 in
888 1188 1214 1265 diplomate
1245 1208 1302 1246 a.
1332 1189 1488 1249 1214
1507 1186 1653 1247 dato
1678 1207 1993 1247 occurrere
2001 1212 2026 1266 ,-

213 1273 446 1332 videtur
478 1274 657 1350 iyitur
688 1292 744 1329 a.
785 1274 938 1332 1213
972 1272 1061 1330 vel
1099 1274 1255 1332 1214
1288 1275 1522 1332 ineunte
1553 1271 1787 1330 obiisse.

379 1354 734 1432 Amoldum,
781 1374 951 1434 quem
997 1376 1066 1413 ex
1110 1354 1355 1414 custode
1401 1355 1652 1432 capituli
1683 1354 2028 1414 Lubicensis

214 1439 487 1498 abbatem
523 1441 872 1497 monasterii
926 1438 977 1496 b.
1011 1438 1298 1497 Iohannis
1344 1439 1748 1517 euanyelistae
1791 1441 2027 1510 factum

214 1543 336 1581 esse
366 1543 554 1600 supra
588 1524 791 1581 conati
820 1541 1029 1580 sumus
1075 1521 1509 1601 demonstrare,
1547 1529 1855 1582 auctorem
1901 1540 2028 1582 esse

215 1606 477 1666 chronici
506 1643 590 1649 —-
636 1605 698 1665 id
742 1605 906 1685 quod
952 1605 1199 1664 saeculo
1246 1605 1360 1664 XV
1379 1609 1691 1683 putavisse
1737 1606 2026 1665 librarios

213 1690 608 1768 comprobant
652 1708 858 1748 eorum
899 1693 961 1748 in
1005 1689 1173 1748 libris
1219 1693 1649 1765 manuscriptis
1689 1691 2025 1765 inscriptio-

210 1794 333 1850 neS,
382 1781 558 1852 atque
589 1793 746 1833 nunc
777 1776 1043 1831 omnium
1076 1793 1178 1831 ore
1208 1776 1404 1843 fertur
1434 1809 1515 1816 —
1562 1777 1720 1831 certo
1767 1774 2025 1832 testimo-

210 1860 311 1916 nio
346 1857 693 1916 destitutum
726 1856 984 1936 quidem,
1015 1854 1124 1914 sed
1153 1855 1270 1927 fide
1301 1855 1720 1933 diynissimum
1751 1861 1851 1916 est.
1890 1856 2026 1916 Ete-

212 1943 335 1998 nim
369 1944 700 1999 continetur
731 1944 791 1999 in
825 1940 1106 1998 chronico
1140 1939 1356 1996 aetatis
1367 1984 1386 2016 9
1432 1958 1553 2016 qua
1583 1937 1890 2000 Arnoldus
1920 1939 2025 1998 ab·

218 2023 325 2080 bas
357 2025 521 2099 vioeit,
552 2023 825 2100 historia,
857 2025 1203 2092 referuntur
1233 2023 1294 2079 in
1325 2041 1392 2080 eo
1427 2020 1498 2080 de
1529 2026 1898 2101 monasterii,
1931 2026 2028 2082 cui

209 2108 500 2182 praefuit,
525 2105 797 2181 historia,
818 2124 970 2183 quae
986 2106 1369 2181 potissimum
1392 2111 1568 2163 erant
1586 2105 1781 2164 relatu
1807 2105 2027 2184 diyna5

218 2188 474 2265 abbatis,
507 2188 608 2246 ubi
640 2191 765 2247 eius
796 2190 1149 2247 mentionem
1192 2190 1396 2266 iniicz't,
1441 2209 1655 2248 nomen
1694 2191 1890 2265 ipsum
1921 2206 2028 2248 cur

218 2274 476 2330 tacuerit
503 2277 736 2349 auctor,
770 2277 1024 2330 ceterum
1055 2274 1116 2329 in
1145 2272 1486 2330 nominibus
1518 2271 2026 2353 diliyentissimus,

218 2374 339 2413 non
372 2360 473 2432 est5
506 2357 621 2413 nisi
652 2356 776 2430 ipse
805 2357 1004 2425 fuerit.
1091 2354 1256 2426 Quae
1287 2353 1359 2413 de
1391 2357 1822 2415 canonicorum
1850 2356 2027 2417 Lubi-

221 2441 479 2496 censium
514 2437 598 2496 ad
627 2438 975 2497 Heinricum
1006 2438 1284 2497 abbatem
1332 2438 1628 2516 leyatione
1671 2446 2024 2521 narrantur,

219 2524 368 2580 inter
399 2542 549 2600 quos
578 2522 884 2581 Arnoldus
915 2528 1115 2582 custos
1144 2524 1280 2602 fuit,
1325 2525 1443 2583 nisi
1486 2523 1563 2582 ab
1609 2543 1676 2583 eo
1723 2526 1826 2603 qui
1844 2544 2026 2601 prae-

223 2624 356 2663 sens
388 2608 739 2684 interfuerit,
773 2609 989 2677 referri
1017 2626 1138 2666 non
1158 2609 1450 2686 potuisse,
1481 2627 1654 2667 nemo
1684 2609 1939 2687 neyabit.

386 2688 782 2748 Provectioris
823 2692 945 2747 iam
990 2694 1206 2750 aetatis
1257 2694 1448 2765 fuisse
1488 2690 1844 2772 Arnoldum,
1891 2712 2027 2752 cum

219 2768 524 2827 Helmoldi
550 2772 942 2833 continuandi
966 2793 1117 2849 opus
1142 2774 1589 2853 ayyrederetur,
1614 2779 1749 2853 ipsa
1773 2775 2028 2854 epistola

222 2851 305 2908 ad
336 2852 671 2928 Philippum
714 2856 1258 2934 Racesburyensem
1288 2861 1632 2935 episcopum
1675 2858 1828 2918 data
1869 2878 2028 2918 com-

212 2935 516 3009 probatur
530 2959 553 3011 ‚-
602 2939 702 3014 qui
746 2958 801 2995 a.
844 2941 998 2997 1204
1045 2946 1134 2998 est
1172 2941 1424 2999 electus.-
1471 2941 1700 2999 bullam
1741 2942 2028 3001 Innocen-

224 3020 287 3074 tii
303 3018 404 3075 ΙΙΙ.
421 3037 627 3094 papae
651 3018 807 3077 litem
834 3022 984 3079 inter
1006 3025 1349 3099 episcopum
1363 3023 1772 3082 Livoniensem
1796 3029 1855 3083 et
1867 3024 2029 3084 Chri-

222 3103 297 3158 sti
339 3101 550 3160 milites
595 3100 962 3161 dirimentem
1009 3123 1143 3163 cum
1182 3104 1451 3164 nondum
1502 3108 1750 3185 noverit,
1788 3112 1926 3168 ante
1967 3128 2025 3168 a.

231 3185 387 3243 1210
419 3184 740 3245 chronicon
771 3205 904 3244 eum.
925 3190 1249 3262 perfecisse
1278 3191 1666 3260 manifestum
1696 3195 1797 3250 est.

388 3266 692 3328 Arnoldus
722 3271 782 3328 in
806 3272 1147 3329 universum
1177 3270 1471 3332 iudicanti
1492 3275 1645 3333 inter
1665 3272 1782 3347 fide
1805 3273 2027 3354 diynis·

224 3351 408 3408 simos
438 3370 585 3410 suae
609 3356 825 3413 aetatis
849 3359 1127 3414 auctores
1150 3356 1501 3427 referendus
1523 3363 1636 3419 est:
1657 3376 2028 3439 quamquam
