2193 3641
230 193 310 252 28
396 187 741 250 ARNOLDI
787 183 1184 247 CHRONICA
1231 182 1673 276 SLAVORUM.
1746 181 1890 242 LlB.
1923 181 1965 241 1.

81 372 210 416 1172.
230 362 413 414 estote
448 356 679 431 parati,
722 355 866 432 quia
910 358 1048 411 tunc
1089 350 1371 411 dominus
1412 368 1579 409 meus
1622 347 1806 409 exibit
1830 345 1915 408 ad
1942 366 2052 407 vos

230 459 363 498 cum
402 444 608 514 tyrone
637 455 769 514 su0,
815 435 1221 513 completurus
1249 453 1406 514 quae
1436 433 1603 493 dixit.
1682 433 1791 492 His
1823 430 2047 491 auditis

227 522 429 601 gavisi
459 529 603 581 sunt
634 536 878 596 omneS,
910 528 970 578 et
1004 519 1431 598 unusquisque
1468 518 1623 577 ultro
1651 536 1721 576 se
1747 514 2053 575 offerebat

227 608 300 663 ad
335 605 452 662 hoc
498 597 815 682 singulare
849 611 1191 680 certamen,
1228 621 1336 681 pro
1370 601 1481 662 Dei
1515 602 1751 660 honore
1784 601 2051 659 subeun-

229 690 393 747 dum.
455 687 590 746 Dux
616 693 826 744 autem
854 694 997 744 ante
1031 704 1252 744 omnes
1286 687 1359 743 ad
1394 685 1624 744 bellum
1658 703 1727 744 se
1761 701 2052 764 prepara-

228 775 352 848 bat,
396 772 505 828 sed
554 789 673 827 non
725 768 1218 847 permittebatur,
1261 768 1400 847 quia
1448 769 1573 827 iam
1615 768 1794 848 quasi
1839 764 2051 845 gravis

228 862 394 913 etate
429 861 490 911 et
521 853 862 911 exhaustus
897 859 1032 910 erat
1062 859 1124 910 et
1147 850 1399 929 gibbum
1432 851 1494 909 in
1521 853 1704 910 dorso
1729 850 1999 909 habebat
2015 849 2056 907 ².

227 938 602 1015 Ingerebant
649 934 836 994 etiam
879 954 948 993 se
996 933 1357 1014 pontificeS,
1405 943 1466 993 et
1512 942 1810 1013 quotquot
1859 939 2057 1010 erant,

229 1021 400 1078 dives
429 1028 489 1078 et
515 1039 771 1099 pauper,
799 1038 906 1098 pro
939 1018 1177 1076 honore
1210 1017 1321 1076 Dei
1356 1026 1462 1076 aut
1486 1017 1737 1076 vincere
1770 1023 1878 1075 aut
1900 1014 2057 1073 mori

230 1113 484 1185 paratus
521 1112 669 1161 erat.
747 1102 1096 1160 Procedens
1143 1108 1353 1158 autem
1389 1100 1662 1179 quidam,
1711 1099 1811 1179 qui
1843 1099 2053 1178 Drogo

233 1186 609 1263 dicebatur2,
652 1184 1160 1263 consanguineus
1206 1182 1402 1262 ducis,
1448 1183 1607 1243 filius
1651 1182 1885 1242 sororis
1919 1201 2056 1259 sue,

234 1270 380 1329 dixit
422 1270 505 1327 ei:
566 1269 721 1327 Ecce
765 1274 856 1327 tot
892 1269 1069 1326 annis
1112 1268 1326 1325 servivi
1368 1266 1475 1325 tibi
1519 1273 1577 1326 et
1611 1265 1795 1326 nichil
1833 1264 2057 1324 emolu·

238 1355 415 1411 menti
460 1372 498 1410 a
541 1357 592 1411 te
639 1353 934 1430 requisivi.
1016 1351 1247 1409 Iustum
1287 1355 1389 1427 est,
1432 1355 1497 1409 ut
1541 1349 1783 1409 tandem
1824 1349 2059 1410 laboris

237 1439 350 1495 mei
395 1438 663 1507 fructum
704 1436 1010 1511 recipiam.
1085 1433 1221 1493 Hoc
1265 1453 1407 1511 erqo
1455 1432 1722 1493 duellum
1744 1453 1863 1511 pro
1896 1435 2062 1493 omni

236 1522 496 1596 servitiO,
536 1538 653 1597 quo
683 1520 897 1577 servivi
927 1517 1050 1594 tibi,
1083 1516 1501 1577 devotissimus
1532 1519 1844 1595 excipiam.
1900 1517 2057 1590 Quid

235 1603 451 1682 plura?
507 1602 739 1661 Placuit
770 1602 906 1660 duci
941 1601 1185 1660 devotio
1220 1600 1367 1679 viri,
1412 1600 1827 1681 omnibusque
1863 1601 2063 1661 accla-

239 1687 549 1745 mantibus
591 1685 781 1743 armis
816 1684 1197 1764 precingitur
1288 1684 1441 1743 Cum
1482 1687 1872 1764 procederet,
1913 1684 2062 1744 dixit

241 1772 388 1827 dux:
434 1768 597 1827 Deus
627 1771 728 1847 qui
759 1766 1058 1826 benedixit
1075 1768 1244 1843 patri
1270 1772 1480 1826 nostro
1511 1766 1767 1846 Abrahe,
1795 1768 1979 1827 Isaac
2009 1774 2068 1828 et

236 1852 420 1911 Iacob
434 1877 456 1928 ,-
517 1852 679 1911 Deus
710 1853 811 1930 qui
838 1870 952 1927 per
981 1869 1230 1909 manum
1254 1849 1451 1927 Moysi
1487 1850 1841 1910 transduxit
1868 1870 2063 1929 popu-

241 1936 362 1994 lum
406 1955 582 1994 suu-m
604 1954 717 2011 per
747 1934 1064 2011 desertum,
1110 1935 1382 2010 operiens
1421 1935 1620 1993 hostes
1664 1954 1872 1993 eorum
1902 1937 2063 1993 mari

243 2019 448 2096 rubro,
494 2020 596 2097 qui
637 2020 815 2076 etiam
852 2037 965 2093 per
1002 2017 1179 2094 Iosue
1209 2016 1549 2076 introduxit
1584 2037 1686 2076 eos
1729 2020 1791 2076 in
1833 2023 2061 2076 terram

245 2103 557 2178 Chanaan,
589 2103 860 2159 contritis
888 2099 1158 2159 hostibus
1187 2100 1298 2158 sub
1325 2099 1586 2176 pedibus
1607 2120 1814 2159 eorum
1831 2124 1856 2178 ,-
1895 2099 2061 2161 Deus

243 2188 344 2264 qui
375 2183 542 2243 dedit
570 2183 830 2243 Gedeoni
854 2188 1067 2242 contra
1091 2185 1367 2242 inimicos
1397 2182 1706 2260 fiduciam,
1733 2183 2063 2261 Sampsoni
2106 2244 2111 2249 ,

242 2266 676 2343 fortitudinem,
716 2265 915 2324 Iudith
949 2265 1022 2324 de
1058 2271 1317 2341 tyranno
1357 2268 1672 2325 victoriam
1686 2291 1710 2343 ,-
1754 2266 1916 2326 Deus
1960 2270 2062 2347 qui

243 2350 521 2408 liberavit
552 2348 862 2407 Danielem
905 2348 976 2407 de
1020 2348 1159 2407 lacu
1203 2348 1461 2427 leonum,
1505 2349 1708 2409 David
1746 2349 1820 2409 de
1846 2349 2059 2428 yladio

245 2433 532 2510 maliynO,
572 2432 827 2508 Helyam
869 2431 941 2490 de
974 2435 1386 2509 persecutione
1419 2432 1726 2511 Ihezabel5
1777 2433 1941 2492 Deus
1973 2435 2062 2493 in-

246 2535 429 2594 quam
464 2518 564 2593 qui
603 2515 790 2587 filium
815 2534 991 2573 suum
1021 2515 1257 2574 Ihesum
1283 2516 1581 2575 Christum
1611 2519 1778 2576 misit
1807 2519 1869 2576 in
1904 2516 2064 2577 hunc

246 2598 536 2656 mundum
580 2599 827 2656 humani
853 2601 1086 2675 generis
1115 2598 1567 2678 redemptorem,
1612 2602 1716 2679 qui
1735 2620 1850 2677 per
1878 2602 2061 2659 victo-

245 2683 400 2739 riam
426 2687 629 2739 sancte
653 2683 847 2739 crucis
870 2681 1182 2740 diabolum
1205 2681 1422 2741 devicit
1441 2688 1500 2742 et
1517 2703 1670 2742 vasa
1694 2684 2062 2760 captivitatis
2116 2744 2120 2748 ,

247 2767 372 2823 eius
404 2763 667 2841 diripuit,
700 2767 801 2843 qui
831 2764 1125 2841 apostolis
1154 2768 1281 2824 suis
1307 2765 1607 2825 benedixit
1628 2770 1686 2824 et
1703 2785 1815 2842 per
1837 2764 2060 2824 doctri-

245 2867 388 2905 nam
419 2860 625 2906 eorum
665 2853 944 2906 sanctam
985 2849 1296 2907 ecclesiam
1324 2848 1706 2926 illuminavit,
1749 2850 1853 2928 qui
1882 2850 2061 2908 etiam

239 2950 350 3006 per
381 2950 481 2988 eos
511 2930 683 2988 nobis
715 2930 893 2988 dixit:
937 2931 1276 3011 „Quicquid
1297 2933 1585 3009 petieritis
1605 2931 1848 2990 Patrem
1869 2934 1930 2990 in
1952 2951 2060 2990 no-

246 3015 400 3070 mine
428 3033 580 3090 meo,
626 3012 801 3071 dabit
826 3014 1070 3091 vobis“;
1114 3035 1228 3091 pro
1273 3017 1443 3074 cuius
1482 3014 1721 3073 nomine
1764 3020 1824 3073 et
1851 3033 2062 3073 amore

251 3140 288 3195 1)
324 3139 409 3182 Hic
444 3138 733 3193 Godesridulm
771 3143 824 3185 de
858 3141 1037 3185 Bullion
1072 3157 1172 3185 cum
1207 3139 1454 3186 Godefrido
1487 3157 1564 3186 seu
1599 3140 1823 3186 Gozelone
1844 3139 2055 3194 Gibboso,

250 3201 359 3242 duce
393 3199 701 3257 Lotharingiae
733 3216 772 3244 a.
799 3201 1114 3254 1070-1076,
1150 3202 1323 3246 misceri
1355 3210 1553 3261 apparet.
1721 3201 1765 3258 2)
1799 3201 1919 3245 {nter
1949 3215 2054 3245 cru-

247 3261 507 3315 cesignatos,
544 3263 616 3317 qui
651 3261 753 3305 huic
788 3264 1055 3319 expeditioni
1089 3263 1326 3314 affuerunt,
1361 3263 1644 3307 nominantur
1662 3261 1812 3319 Drogo
1829 3264 1885 3304 de
1904 3259 2060 3305 Neelle

249 3329 287 3361 et
324 3319 470 3376 Drogo
506 3322 560 3363 de
592 3320 754 3379 Moncy
798 3324 850 3365 ab
885 3322 1070 3366 Alberto
1103 3324 1301 3381 Aquensi
1345 3323 1375 3365 l.
1414 3323 1469 3366 ΙΙ.
1503 3338 1540 3367 c..
1579 3322 1598 3364 1
1636 3337 1700 3381 sq.
1734 3329 1866 3377 atque
1903 3319 2059 3364 orde-

246 3379 336 3422 rico
373 3379 503 3422 Vitali
538 3379 563 3424 l.
598 3379 680 3425 IX.
