2193 3641
412 171 761 233 ARNOLDI
810 171 1214 233 CHRONICA
1260 173 1701 236 SLAVORUM.
1925 184 1958 241 3

147 339 446 419 quosdam
476 340 827 398 monasterii
858 338 1020 398 illius
1044 339 1515 401 Brunswicensis
1539 343 1835 403 Lubecam
1862 367 1960 405 vo-

149 429 319 482 catos
349 442 491 482 esse.

315 503 651 565 Arnoldum
676 505 954 565 abbatem
977 505 1146 565 haud
1161 509 1343 583 parvi
1364 507 1634 567 habitum
1659 530 1782 569 esse
1814 513 1965 570 inter

150 588 398 648 clericos
420 589 765 648 Lubicensis
797 588 1084 649 dioecesis
1116 610 1185 649 ex
1215 589 1565 666 diplomatis
1595 593 1838 653 saeculo
1854 595 1970 653 XII

150 679 394 731 exeunte
426 678 483 731 et
500 672 648 730 XIII
673 675 906 733 ineunte
931 672 1092 732 datis
1124 679 1300 752 atque
1332 694 1403 731 ea:
1433 678 1562 750 ipso
1589 676 1662 734 de
1686 697 1802 756 quo
1837 681 1964 755 aqi-

148 761 248 814 tur
279 755 561 815 chronico
605 759 1003 834 coqnoscitur.
1085 757 1197 830 Qui
1227 757 1511 816 Heinrico
1559 762 1857 837 episcopo,
1904 764 1964 820 in

149 840 281 915 ipso
315 838 376 898 S.
401 839 690 899 Iohannis
713 843 1079 899 monasterio
1108 843 1448 918 aeyrotanti
1478 847 1654 919 atque
1679 842 1962 913 defuncto

150 941 206 980 a.
251 925 403 984 1182
453 922 510 981 d.
547 922 694 982 Nov.
735 925 832 985 29.
880 943 1001 982 non
1045 922 1253 999 defuit,
1299 943 1354 980 a.
1396 926 1554 984 1195
1602 924 1657 982 d.
1713 929 1804 985 18.
1832 928 1959 985 Iun.

148 1024 306 1065 unus
350 1008 469 1078 fuit
509 1026 579 1065 ex
622 1006 868 1065 arbitris
913 1006 998 1064 ad
1050 1008 1523 1064 controversiam
1568 1006 1641 1066 de
1687 1008 1964 1068 electione

149 1091 413 1166 episcopi
443 1088 829 1148 Severinensis
861 1088 1262 1147 dirimendam
1294 1093 1539 1149 vocatis.
1603 1090 1964 1151 Donationi-

149 1170 260 1231 bus
291 1193 347 1231 a.
388 1175 544 1233 1197
591 1172 668 1230 ab
698 1170 924 1243 Adolfo
949 1172 1043 1230 III
1082 1174 1292 1231 comite
1322 1172 1660 1252 Holsatiae,
1709 1195 1764 1233 a.
1808 1179 1964 1236 1200

149 1253 208 1313 d.
241 1255 399 1314 Iunii
429 1259 485 1317 9.
535 1276 574 1314 a
609 1254 969 1315 Theoderico
1018 1258 1295 1332 episcopo
1328 1256 1659 1335 Lubicensi‚
1707 1278 1762 1315 a.
1804 1260 1955 1318 1201

149 1337 207 1396 d.
239 1338 380 1396 Iulii
416 1343 508 1398 11.
544 1340 621 1398 ab
651 1338 878 1410 Adolfio
912 1342 1141 1415 comite,
1188 1358 1243 1396 a.
1285 1340 1651 1399 1211.1212
1685 1340 1774 1398 vel
1807 1343 1957 1401 1213

150 1455 225 1467 --
247 1420 413 1479 deest
438 1423 592 1480 enim
624 1421 872 1479 chartae
902 1439 1099 1479 cinnus
1119 1456 1192 1464 ——-
1226 1420 1304 1477 ab
1328 1419 1568 1479 Alberto
1603 1425 1811 1480 com-ite
1841 1423 1961 1481 Ra-

149 1504 526 1583 eesburyensi
558 1503 823 1581 capitulo
854 1503 1167 1562 Lubicensi
1212 1508 1322 1562 aut
1350 1503 1617 1580 capellae
1660 1505 1711 1564 b.
1744 1505 1961 1565 Iohan-

147 1589 241 1648 nis
271 1590 332 1648 in
364 1590 789 1648 canonicatum
815 1592 1080 1647 mutatae
1112 1593 1218 1645 aut
1241 1589 1422 1658 factis
1455 1594 1565 1646 aut
1593 1592 1962 1662 confirmatis

147 1677 351 1731 testem
382 1691 517 1730 eum
547 1671 841 1749 adfuisse,
888 1673 1057 1747 ipsae
1102 1670 1349 1729 chartae
1384 1671 1674 1746 produnt.
1763 1672 1962 1751 Neque

147 1756 582 1813 monasterium
606 1756 795 1831 ipsius
826 1773 1010 1812 curae
1032 1755 1415 1812 commissum
1438 1755 1711 1831 neyleoeit.
1745 1755 1962 1833 Ayente

149 1839 303 1896 enim
334 1857 391 1895 a.
432 1840 585 1899 1181
621 1837 893 1896 Lubec-ae
921 1836 1228 1896 Friderico
1260 1839 1638 1913 imperatore,
1672 1837 1744 1895 de
1774 1858 1960 1896 manu

150 1922 276 1979 eius
318 1923 583 1996 suscepit
620 1926 835 1998 curtes,
882 1939 1035 1999 quas
1074 1922 1134 1978 in
1181 1921 1432 1996 civitate,
1478 1939 1662 1997 ayros
1706 1940 1856 1998 quos
1902 1924 1961 1980 in

150 2023 366 2081 campo
421 2005 677 2063 civitatis
727 2003 994 2062 habebat
1039 2004 1470 2061 monasterium
1486 2026 1509 2078 ,-
1575 2023 1646 2062 esc
1697 2004 1962 2063 curtibus

150 2086 375 2166 (areis)
402 2106 536 2146 cum
560 2086 753 2163 paulo
771 2092 916 2164 post
939 2084 1305 2145 vendidisset
1321 2085 1642 2165 quasdam,
1669 2089 1791 2163 ipse
1823 2108 1961 2146 con-

148 2170 557 2230 stitutionibus
581 2169 989 2248 promulyatis
1028 2172 1395 2228 monasterio
1443 2189 1649 2228 eorum
1692 2169 1961 2229 redditus

147 2253 488 2313 vindicavit.
576 2254 752 2331 Ipsas
782 2272 1015 2333 quoque
1052 2255 1402 2312 monasterii
1436 2255 1846 2329 possessiones
1878 2253 1955 2312 ab

147 2336 419 2397 Arnoldo
463 2337 682 2397 abbate
727 2342 944 2396 auctas
993 2356 1118 2395 esse
1160 2356 1231 2395 ese
1276 2336 1500 2394 chartis
1543 2340 1965 2414 coynoscitur5

150 2438 207 2479 a.
248 2424 404 2482 1197
451 2423 605 2479 enim
637 2419 694 2479 d.
726 2419 895 2479 Febr.
932 2422 986 2480 3.
1037 2423 1159 2480 200
1204 2420 1427 2477 marcis
1472 2423 1706 2497 aryenti
1755 2419 1961 2478 villam

148 2502 510 2581 Luyendorp
557 2509 614 2562 et
651 2503 868 2563 silvam
902 2500 1374 2578 Grunswediybe,
1420 2501 1580 2560 alias
1610 2501 1960 2579 Papenholt,

149 2605 205 2644 a.
246 2587 399 2646 1201
439 2588 671 2644 ineunte
706 2588 820 2645 162
855 2587 1079 2642 marcis
1119 2586 1354 2661 arqenti
1396 2582 1602 2641 villam
1650 2584 1960 2643 Chuseres-

149 2674 281 2744 torp
337 2667 414 2725 ab
466 2666 691 2739 Adolfo
733 2667 832 2725 III.
887 2665 1211 2725 Holsatiae
1275 2667 1483 2725 comite
1546 2670 1926 2742 comparavit
1934 2691 1958 2743 ,-

149 2769 344 2810 comes
396 2752 640 2828 insuper
692 2748 993 2808 Cuculune
1045 2748 1250 2807 villam
1304 2767 1482 2826 „cum
1525 2752 1688 2806 omni
1733 2752 1861 2806 iure
1905 2755 1960 2806 et

149 2833 425 2894 omnibus
454 2835 785 2892 attinentiis
807 2837 1053 2910 praeter
1096 2837 1215 2891 tres
1256 2850 1502 2890 mansos
1532 2829 1738 2889 Novae
1781 2830 1956 2889 eccle-

147 2920 276 2977 siae
307 2920 712 2996 consiynatos⁷
745 2915 972 2975 additis
1019 2921 1281 2995 quatuor
1303 2912 1675 2992 ponderibus
1705 2913 1956 2990 siliqinis

149 3003 210 3060 in
254 3003 556 3078 superiori
584 2999 947 3076 molendino,
989 3018 1109 3057 uno
1156 2998 1281 3057 last
1318 2997 1468 3056 allec
1512 3003 1569 3056 et
1603 2995 1806 3055 modio
1854 2996 1956 3054 bu-

147 3085 248 3142 tiri
271 3085 330 3142 in
354 3082 621 3143 theloneo
646 3103 758 3144 suo
775 3082 1047 3141 Lubeke«
1063 3080 1315 3140 donavit
1332 3082 1696 3138 monasterio
1717 3100 1773 3137 a.
1797 3080 1956 3139 1210

149 3164 205 3223 d.
224 3164 364 3224 Dec.
385 3169 440 3225 4.
499 3166 706 3242 Papas
735 3184 968 3245 quoque
990 3163 1260 3224 Arnoldo
1290 3163 1507 3222 abbate
1530 3168 1813 3241 reynante
1836 3167 1953 3239 „te-

145 3247 368 3308 nellam
389 3248 657 3307 Heinrici
686 3250 947 3324 episcopi
968 3245 1451 3325 plantationem“
1471 3248 1712 3323 fovisse,
1737 3250 1953 3304 testan-

87 3367 91 3369 -
146 3337 246 3391 tur
268 3351 477 3391 eorum
494 3330 757 3410 chartae,
773 3334 1037 3408 suscepit
1055 3334 1207 3392 enim
1221 3329 1582 3390 Coelestinus
1597 3329 1698 3387 ΙΙΙ.
1718 3348 1773 3386 a.
1797 3330 1947 3387 1191
