2193 3641
0 190 1 257 l
175 219 525 281 AssuoLm
572 219 972 281 CHRONJCA
1015 217 1461 279 SLAVORUM.
1536 216 1674 277 Lm.
1712 216 1749 276 1.
1838 216 1920 276 27

95 394 538 468 consumptum
586 384 830 464 fuisset,
872 384 1165 465 princeps
1213 383 1455 444 castelli
1496 383 1661 443 tedio
1703 382 2074 443 diutiniwlz.

89 469 321 531 laboris
376 468 670 548 fatigatus
716 468 1128 528 Teutonicum
1174 470 1519 548 quendam,
1581 486 1769 546 quem
1819 466 1922 525 diu

93 552 364 613 carceris
399 551 744 612 inclusione
762 559 1276 630 tormentaverat,
1296 550 1441 611 fecit
1468 570 1681 611 muros
1703 569 1922 610 ascen-

91 638 257 697 dere.
329 634 448 707 Qui
480 635 723 695 locutus
759 644 854 695 est
886 637 961 695 ad
995 637 1217 694 ducem
1252 644 1313 693 et
1346 637 1419 694 ad
1454 634 1751 714 populum
1787 633 1921 709 Dei,

91 719 341 780 dicens:
390 717 517 777 Hec
542 716 692 778 dicit
710 720 1025 796 princeps:
1072 717 1231 792 Quid
1260 724 1365 797 est,
1395 717 1562 798 quod
1584 723 1755 777 tanto
1781 722 1924 776 tem-

82 821 238 881 pore
285 803 349 861 in
394 800 708 862 obsidione
754 801 1058 862 laboratis
1099 806 1159 861 et
1203 804 1349 873 fines
1393 821 1558 861 meos
1603 804 1763 860 exire
1802 820 1925 860 non

90 884 312 946 vultis?
369 885 524 945 Ecce
555 890 823 945 castrum
865 904 1210 964 expuynare
1250 904 1373 945 non
1412 887 1684 963 potestiS‚
1736 882 1844 943 sed
1872 885 1927 943 si

85 967 292 1047 placet
318 967 498 1028 huius
528 968 679 1027 mali
706 972 882 1042 finem
912 971 1179 1041 faciatis.
1223 967 1572 1028 Procedant
1591 967 1734 1046 duo,
1766 985 1924 1026 unus

94 1072 166 1112 ex
195 1053 420 1111 nostris
451 1056 509 1111 et
533 1070 690 1112 unus
727 1072 799 1112 esc
826 1054 1060 1130 vestris,
1105 1050 1373 1111 duellum
1403 1054 1555 1111 inter
1584 1072 1647 1110 se
1675 1052 1924 1110 miscen-

98 1141 205 1214 tes,
237 1140 296 1196 et
320 1138 375 1195 si
402 1137 613 1195 vicerit
635 1141 844 1214 vester,
875 1154 989 1195 nos
1013 1134 1297 1194 dabimus
1321 1134 1634 1195 castellum
1659 1140 1718 1194 et
1736 1132 1926 1193 disce-

94 1217 324 1278 demus.
399 1217 468 1277 Si
506 1238 645 1278 vero
688 1223 891 1278 noster
932 1221 1253 1278 victoriam
1284 1218 1542 1296 adeptus
1571 1219 1774 1295 fuerit,
1818 1236 1926 1276 vos

92 1303 219 1362 sine
261 1320 440 1361 mora
484 1306 710 1361 terram
752 1306 1029 1361 nostram
1084 1304 1325 1362 exeatis.
1402 1302 1636 1361 Placuit
1682 1300 1820 1360 duci
1865 1308 1929 1359 et

95 1386 384 1445 omnibus
424 1386 587 1465 quod
628 1384 887 1463 dixerat,
932 1394 994 1446 et
1038 1383 1353 1445 firmatum
1402 1394 1500 1445 est
1546 1405 1621 1445 ex
1665 1393 1926 1464 utraque

94 1477 295 1550 parte,
336 1476 404 1527 ut
435 1488 809 1550 quocunque
842 1488 912 1529 se
946 1488 1084 1529 sors
1119 1469 1467 1547 obtulisset,
1501 1469 1664 1549 quod
1696 1468 1928 1528 dictum

95 1560 233 1612 erat
278 1551 627 1612 certissime
661 1560 996 1613 teneretur.
1061 1553 1288 1613 Habuit
1318 1561 1527 1612 autem
1568 1555 1687 1612 dux
1728 1551 1930 1611 Gode-

95 1634 290 1695 fridus
347 1655 603 1695 servum
656 1638 969 1716 quendam
1024 1656 1285 1717 corpore
1339 1636 1633 1713 validum,
1690 1643 1928 1695 statura

97 1737 466 1799 procerum,
510 1719 683 1778 vultu
737 1719 1094 1799 elegantem
1138 1719 1346 1799 nimiS,
1389 1720 1629 1779 Heliam
1676 1718 1929 1796 dictum,

98 1821 310 1882 quem,
348 1821 504 1882 pace
546 1802 848 1883 condicta,
883 1802 1051 1863 misit
1090 1802 1150 1861 in
1193 1806 1407 1863 urbem
1446 1806 1519 1862 ad
1561 1801 1929 1884 principem,

99 1884 330 1944 certius
354 1883 544 1944 finem
571 1885 660 1946 rei
690 1886 899 1946 facere
925 1886 1185 1967 cupiens
1221 1895 1282 1947 et
1313 1886 1477 1947 diem
1511 1885 1929 1947 determinare

103 1968 392 2049 explendi
425 1968 628 2029 duelli.
683 1969 912 2029 Videns
940 1979 1149 2030 autem
1177 1971 1469 2051 princeps
1497 1969 1607 2028 viri
1639 1977 1932 2030 venusta-

96 2058 261 2130 tem,
302 2051 579 2132 corporis
622 2051 1117 2131 immanitatem,
1160 2057 1586 2113 membrorum
1634 2051 1932 2112 fortitudi-

100 2133 270 2214 nem,
303 2143 603 2215 reputans
639 2136 876 2195 nullum
910 2157 1164 2197 suorum
1200 2137 1256 2196 ei
1290 2137 1521 2197 viribus
1557 2134 1932 2217 equiparari,

103 2218 482 2299 complacuit
512 2217 626 2279 sibi
661 2219 719 2277 in
752 2220 878 2297 illo,
924 2229 986 2280 et
1018 2219 1264 2300 cognita
1312 2220 1629 2301 legatione
1662 2217 1811 2279 dixit
1855 2219 1933 2277 ad

104 2321 282 2360 eum:
338 2301 389 2361 O
413 2303 468 2360 si
493 2302 896 2380 complaceret
917 2303 1024 2362 tibi
1051 2323 1295 2364 manere
1323 2323 1555 2363 mecum
1586 2308 1645 2362 et
1671 2299 1935 2361 condicti

103 2383 289 2443 duelli
308 2404 428 2462 pro
470 2405 563 2444 me
604 2391 903 2446 certamen
945 2389 1113 2446 inire.
1183 2389 1261 2447 At
1292 2387 1425 2447 ille:
1498 2385 1675 2464 Quid,
1715 2384 1933 2464 inquit,

105 2464 283 2526 dabis
322 2466 486 2547 mihi,
524 2473 594 2527 ut
617 2470 852 2540 faciam
891 2469 1057 2549 quod
1101 2469 1271 2530 dicis.
1366 2469 1484 2542 Qui
1517 2469 1693 2529 dixit:
1755 2467 1933 2526 Dabo

107 2549 215 2608 tibi
245 2548 563 2609 dimidium
605 2557 760 2612 terre
789 2573 914 2612 mee
951 2559 1010 2612 et
1033 2553 1225 2627 filiam
1255 2573 1452 2612 meam
1485 2552 1785 2630 copulabo
1829 2550 1936 2610 tibi

108 2636 166 2690 et
192 2634 356 2691 omni
381 2632 611 2692 honore
641 2640 694 2693 le
722 2635 1085 2696 sublimabo.
1150 2639 1223 2696 Et
1255 2636 1390 2695 ille:
1438 2636 1562 2695 Fac
1592 2641 1661 2695 ut
1695 2635 1934 2694 locutus

33 2783 36 2786 Α
105 2733 188 2793 es,
225 2719 288 2777 ,εἰ
304 2715 596 2794 puqnabo
631 2737 746 2794 pro
782 2723 852 2777 te.
918 2719 1073 2778 lnito
1099 2719 1289 2799 igitur
1319 2719 1552 2797 federe,
1588 2718 1799 2778 Helias
1833 2720 1936 2777 ab·

107 2798 496 2858 renunciavit
528 2799 772 2860 Christo
814 2810 875 2861 et
913 2801 1213 2861 affinitate
1258 2801 1624 2861 coniunctus
1659 2809 1756 2861 est
1785 2819 1936 2880 gen—

105 2880 217 2960 tili,
244 2889 308 2941 et
329 2881 474 2941 facti
501 2892 645 2943 sunt
671 2903 777 2943 cor
801 2905 1000 2944 unum·
1020 2893 1081 2945 et
1104 2885 1314 2945 anima
1338 2904 1462 2944 una
1481 2882 1522 2944 ¹.
1563 2886 1699 2945 Dux
1724 2892 1936 2943 autem

110 2963 470 3044 mirabatur,
503 2966 646 3046 quid
679 2969 770 3036 de,
788 2987 862 3027 eo
895 2968 1128 3029 factum
1156 2968 1401 3047 fuisset,
1432 2967 1726 3028 nesciens
1754 2967 1806 3026 si
1832 2975 1938 3025 aut

112 3045 461 3126 captivatus
506 3058 698 3129 esset,
743 3051 844 3110 vel
887 3050 1061 3111 cuius
1105 3052 1194 3111 rei
1238 3051 1437 3132 gratia
1472 3071 1595 3110 non
1628 3050 1935 3110 rediisset.

112 3130 268 3190 Cum
301 3149 449 3190 ecce
483 3151 602 3191 una
628 3133 866 3194 dierum
893 3134 1206 3216 predictus
1232 3135 1334 3194 ille
1356 3134 1734 3194 Teutonicus
1761 3143 1936 3193 stans

112 3212 174 3271 in
222 3232 398 3271 muro
443 3215 853 3294 proclamavit
897 3220 971 3277 ad
1015 3220 1238 3278 ducem
1286 3226 1350 3278 et
1387 3220 1462 3277 ad
1505 3217 1820 3298 principes
1853 3217 1939 3276 di-

114 3314 296 3355 cens:
367 3295 494 3355 Hec
537 3298 799 3358 mandat
825 3299 1106 3361 dominus
1141 3321 1324 3362 meuS.
1399 3300 1519 3359 Illa
1562 3299 1657 3359 die
1701 3306 1759 3359 et
1782 3299 1938 3359 hora

143 3407 158 3467 )
189 3407 402 3451 Actorum
437 3407 479 3460 4,
507 3408 578 3452 32.
