2193 3641
138 192 486 254 ARNOLDI
532 190 930 254 CHRONlCA
975 187 1422 248 SLAVORUM.
1495 187 1639 246 LlB.
1674 188 1714 246 l.
1804 188 1882 247 25

67 357 294 420 tissimi
327 357 574 438 triginta
608 373 746 415 cum
775 356 966 416 frenis
994 355 1312 435 argenteis
1347 363 1407 414 et
1440 355 1608 415 sellis
1636 353 1887 435 optimis
1911 367 2038 414 11⁷2.

70 444 144 503 de
197 441 384 523 pallio
441 449 503 500 et
548 442 733 500 ebore
779 438 1176 518 compositis,
1235 459 1390 519 quos
1445 437 1583 498 duci
1626 438 1887 497 tradidit.

69 526 251 586 Dedit
292 525 347 584 ei
395 524 580 582 etiam
628 542 740 581 sex
772 524 992 582 domos
1039 520 1339 582 filtrinas¹
1383 523 1727 582 secundum
1762 541 1891 580 mo·

69 628 203 669 rem
235 615 401 667 terre
432 606 595 666 illius
629 614 690 664 et
722 625 833 665 sex
867 605 1166 683 camelos,
1194 605 1297 686 qui
1329 624 1437 665 eas
1465 604 1719 683 ferrent,
1753 624 1891 663 curn

72 691 294 769 servis⁷
327 689 427 770 qui
461 709 569 750 eas
613 690 927 748 ducerent.
980 688 1221 749 Addidit
1252 689 1348 748 his
1383 691 1537 748 duos
1561 688 1892 768 leopardos

74 784 135 835 et
166 793 360 854 equos
394 782 456 832 et
488 792 737 832 servos:
770 772 930 832 docti
967 772 1133 832 enim
1161 781 1339 831 erant
1363 776 1584 832 sedere
1609 772 1667 830 in
1698 771 1893 852 equis.

74 860 353 937 Cumque
378 856 664 916 omnibus
697 857 897 916 modis
924 855 1374 936 benignissime
1410 876 1550 914 eum
1579 864 1895 933 tractaret,

75 940 280 1020 arguit
324 959 466 999 eum
517 942 634 999 dux
670 941 746 998 de
780 939 1224 1020 superstitione
1273 939 1658 1018 gentilitatiS,
1706 939 1896 998 multa

75 1024 287 1084 dicens
329 1023 383 1082 ei
432 1025 507 1083 de
549 1023 973 1082 incarnatione
1011 1022 1235 1083 Christi
1285 1030 1345 1081 et
1376 1021 1495 1081 fide
1529 1021 1838 1081 katholica
1856 1020 1896 1080 ².

76 1107 195 1180 Qui
226 1109 648 1188 respondens:
695 1105 832 1165 Νοη
857 1111 962 1183 est,
995 1106 1099 1184 ait,
1132 1105 1379 1179 difficile
1404 1104 1489 1164 ad
1513 1104 1897 1184 creden-dum,

76 1189 240 1270 quod
266 1190 448 1269 Deus,
481 1189 726 1269 quando
757 1188 967 1267 voluit,
1000 1187 1072 1247 de
1096 1189 1492 1248 immaculata
1515 1191 1742 1267 virqine
1766 1208 1898 1248 car-

74 1294 208 1334 nem
248 1275 605 1351 assumpsit,
652 1275 753 1352 qui
793 1272 1094 1332 hominem
1130 1274 1397 1349 primum
1438 1271 1511 1331 de
1556 1271 1699 1332 limo
1745 1279 1900 1332 terre

68 1356 419 1434 plasmavit.
473 1357 675 1433 Forte,
709 1356 846 1437 quia
881 1358 957 1416 de
990 1355 1200 1416 heresi
1230 1356 1670 1415 Nicolaitarum
1707 1366 1838 1416 erat
1854 1355 1899 1433 3,

73 1441 263 1501 libros
289 1439 485 1519 Moysi
519 1439 818 1517 audierat,
844 1439 901 1498 in
931 1439 1149 1520 quibus
1179 1441 1252 1499 de
1279 1439 1692 1520 plasmatione
1719 1440 1900 1521 primi

76 1524 348 1585 hominis
379 1525 638 1604 legerat.
700 1523 857 1583 Sunt
889 1525 1052 1582 enim
1088 1523 1261 1582 multi
1294 1524 1587 1602 gentiles,
1620 1524 1722 1603 qui
1755 1544 1903 1604 pen-

76 1608 437 1669 tateuchum
474 1606 668 1685 Moysi
709 1606 1034 1687 recipiunt7
1082 1626 1198 1666 nec
1245 1615 1454 1666 tamen
1504 1610 1579 1666 ab
1623 1606 1903 1666 idolatria

81 1700 356 1769 cessant,
401 1699 469 1750 ut
513 1691 656 1749 olim
690 1689 1081 1750 Samaritani.
1150 1691 1323 1750 Unde
1368 1689 1591 1749 mulier
1636 1690 1907 1750 Samari·

82 1783 224 1833 tana
259 1774 318 1833 in
355 1773 683 1853 euangelio
725 1773 898 1832 dicit:
968 1772 1243 1851 Domine,
1283 1779 1352 1832 ut
1376 1772 1569 1852 videa,
1602 1774 1906 1851 propheta

83 1877 144 1917 es
174 1863 256 1935 tu,
291 1865 351 1916 et
385 1865 591 1916 cetera
610 1854 650 1913 4.

211 1944 304 2002 10.
348 1939 681 2000 Incidentia
718 1937 792 1998 de
828 1958 963 2017 reqe
995 1940 1298 1999 ConradO.
1354 1940 1663 2000 Dimissus
1698 1940 1905 2021 itaque

84 2025 206 2083 dux
234 2044 267 2082 a
304 2024 582 2101 soldano7
623 2024 923 2082 deductus
969 2032 1066 2083 est
1102 2023 1434 2102 lsmilarn5,
1480 2023 1619 2083 inde
1652 2023 1908 2103 Cunin⁶7

86 2127 202 2186 que
236 2116 334 2167 est
366 2106 584 2166 civitas
617 2106 959 2166 Turcorum
994 2107 1288 2187 capitalis„
1335 2108 1410 2166 Et
1441 2107 1581 2166 inde
1615 2127 1907 2187 progres-

86 2210 195 2250 sus
240 2189 410 2250 venit
447 2190 507 2249 in
552 2199 783 2249 terram
829 2192 1143 2249 desertam
1180 2199 1241 2249 et
1286 2190 1521 2250 aridam
1556 2191 1763 2270 nimis7
1807 2191 1907 2251 ubi

85 2273 304 2334 dicitur
328 2275 647 2336 Conradus
681 2293 789 2332 rex
816 2274 1070 2333 stetisse
1098 2293 1237 2332 curn
1267 2275 1541 2333 exercitu
1568 2295 1680 2334 suo
1698 2274 1743 2352 ⁷,
1768 2274 1908 2355 quia

84 2365 341 2438 propter
381 2357 633 2416 nimiam
670 2366 840 2418 terre.
868 2357 1262 2417 solitudinem
1300 2357 1507 2416 multis
1540 2357 1619 2417 ibi
1651 2359 1817 2417 fame
1852 2366 1916 2417 et

88 2441 189 2501 siti
230 2440 657 2501 deficientibus
711 2442 1052 2520 procedere
1107 2460 1228 2499 non
1279 2449 1539 2520 poterat.
1622 2442 1911 2501 Traditus

92 2523 256 2583 enim
290 2527 612 2583 aductore
654 2524 749 2582 vie
783 2524 1007 2603 fuerat,
1053 2526 1214 2604 quod
1264 2524 1522 2583 consilio
1556 2525 1725 2604 regis
1760 2525 1910 2585 Gre-

90 2626 301 2666 corum
347 2606 595 2686 quidam
637 2607 868 2665 factum
902 2607 1131 2684 dicunt,
1185 2626 1258 2665 eo
1293 2610 1453 2686 quod
1486 2608 1650 2667 idem
1685 2610 1914 2669 Conra-

90 2691 205 2749 dus
249 2688 308 2747 in
342 2697 505 2748 terra
541 2709 652 2747 sua
688 2709 826 2747 cum
862 2689 1048 2747 nimia
1085 2689 1471 2748 multitudine
1504 2691 1601 2749 din
1639 2691 1821 2750 fuerit
1854 2699 1916 2750 et

95 2792 235 2831 eum
272 2771 484 2831 videre
529 2772 808 2831 noluerit.
879 2772 988 2831 Est
1033 2772 1196 2830 enirn
1230 2774 1495 2851 quedam
1529 2774 1914 2833 detestabilis

94 2858 477 2915 consuetudo
504 2855 637 2936 regi
659 2855 1023 2934 Grecorum7
1050 2856 1148 2935 qui
1176 2855 1361 2914 etiam
1381 2864 1636 2936 propter
1655 2857 1912 2916 nimium

95 2966 137 3023 1)
169 2965 382 3011 Tentoria
417 2982 440 3012 e
473 2968 574 3012 lana
608 2976 774 3021 coacta,
809 2982 941 3027 quam
978 2968 1164 3012 dicimus
1197 2968 1301 3014 Fnz.
1350 2967 1398 3010 V.
1434 2966 1643 3025 Bangert.
1747 2969 1791 3022 2)
1824 2967 1915 3012 Hic

92 3026 269 3070 videtur
300 3042 398 3072 esse
428 3043 503 3072 rex
535 3043 748 3086 paganus,
785 3030 839 3072 ale
873 3043 960 3087 quo
995 3028 1159 3086 legitur
1191 3029 1234 3072 in
1252 3027 1371 3073 Ann.
1392 3026 1551 3072 Colon.
1581 3043 1690 3073 max.
1717 3044 1757 3074 a.
1782 3029 1913 3082 1173,

93 3085 147 3131 T.
163 3085 313 3143 XVH.
347 3102 392 3145 p.
421 3086 527 3133 786.
590 3089 758 3133 ibidem
794 3104 947 3133 omnes
981 3090 1177 3146 captivos
1210 3089 1475 3133 christianos
1508 3090 1562 3131 ab
1598 3103 1651 3132 eo
1685 3090 1913 3133 absolutos

95 3161 193 3192 esse
226 3155 447 3191 narratur.
634 3150 676 3208 3)
711 3149 773 3193 lta
820 3151 1007 3194 sortasse
1040 3148 1267 3193 Arnoldus
1311 3157 1461 3193 noster
1497 3150 1703 3206 opinatur
1735 3157 1916 3208 propter

93 3207 390 3267 polygamiam
424 3208 529 3252 huic
561 3217 706 3254 sectae
739 3210 1014 3267 imputatam.
1139 3210 1183 3268 4)
1218 3209 1401 3255 lohann.
1437 3208 1481 3262 4,
1518 3210 1588 3253 19.
1700 3210 1743 3267 5)
1776 3209 1915 3262 lsrnil,

92 3269 213 3312 rivus
247 3277 291 3313 et
321 3269 448 3313 locus
480 3268 596 3314 inter
627 3269 823 3314 Aktscha
859 3270 1031 3314 Schehr
1062 3278 1105 3313 et
1138 3270 1352 3314 leonium.
1490 3270 1531 3325 6)
1566 3270 1771 3328 moyen,
1807 3270 1913 3314 olim

95 3326 316 3373 Iconium.
486 3329 530 3383 7)
564 3331 680 3373 inter
712 3328 919 3382 Nicaeam
954 3339 995 3374 et
1029 3329 1228 3373 leonium
1263 3345 1301 3373 a.
1338 3329 1468 3373 1147.
1504 3345 1561 3373 m.
1595 3328 1795 3374 Octobri.
1863 3329 1912 3374 V.

92 3402 228 3447 supra
261 3388 411 3434 Helm.
442 3390 473 3433 l.
506 3389 539 3433 1.
576 3405 613 3434 c.
649 3391 722 3436 60.
