2193 3641
452 195 801 257 ARNOLDI
849 192 1256 254 CHRONICA
1303 191 1745 253 SLAVORUM.
1974 200 2009 254 7

357 364 531 423 Parti
590 361 946 433 Guelforum
1011 362 1209 438 mayis
1278 379 1460 439 quam
1541 359 2008 420 Ghibellinorum

193 454 518 523 auctorem,
564 445 1119 517 familiarissimum
1171 443 1456 503 Heinrico
1502 446 1780 520 episcopo
1833 444 2007 502 Lubi-

192 533 367 608 censi,
414 549 455 587 a
498 548 616 608 quo
659 528 932 587 scholam
975 527 1524 586 Hildensemensem
1571 532 1683 585 aut
1707 527 2007 586 Brunswi-

191 631 419 670 oensem
460 610 813 669 moderante
858 609 1093 669 videtur
1138 609 1431 670 educatus
1476 630 1620 687 esse,
1665 613 1855 681 fuisse
1898 610 2007 669 ad-

188 693 416 753 dictum
444 714 616 753 nemo
649 693 1005 752 mirabitur:
1051 699 1318 752 attamen
1347 696 1620 771 partium
1661 693 1864 752 studio
1898 693 2005 753 du-

188 783 347 837 ctum
378 795 511 836 eum
531 777 853 837 historiam
883 797 1005 836 non
1036 779 1347 854 scripsisse
1371 777 1638 836 Heinrici
1672 776 1756 836 VI.
1792 783 1850 836 et
1870 777 2004 836 Phi-

185 860 337 938 lippi
378 880 605 939 requm,
658 860 979 920 historiam
1027 860 1130 919 ubi
1159 860 1652 938 perlustraveris,
1705 866 1912 936 sponte
1941 863 2002 920 in

186 943 398 1004 oculos
442 946 728 1003 incurrit:
784 949 940 1003 certe
986 944 1264 1002 acerbius
1306 942 1460 1001 illud
1504 943 1578 1001 de
1622 963 1757 1021 reye
1802 942 2008 1003 adole-

184 1033 399 1105 scente,
442 1030 630 1087 servis
674 1029 801 1087 suis
843 1027 1125 1086 clericum
1155 1025 1477 1105 quendam,
1526 1026 1897 1104 insolentius,
1940 1032 2009 1086 ut

184 1110 440 1188 videtur,
486 1116 775 1188 ayentem,
821 1109 1158 1169 vexandum
1201 1108 1475 1169 tradente
1504 1108 1796 1169 iudicium
1826 1116 2009 1188 ,3post

184 1193 434 1253 Decium
463 1192 647 1253 nichil
675 1193 796 1252 tale
827 1191 1104 1252 auditum
1146 1195 1338 1265 fuisse
1380 1191 1454 1252 de
1484 1192 1766 1272 reyibus“
1814 1214 1853 1252 a
1893 1192 2004 1252 cle-

183 1280 331 1355 rico,
364 1296 550 1356 neque
579 1296 719 1336 vero
753 1296 792 1335 a
819 1276 1171 1348 Guelforum
1201 1281 1499 1336 sectatore
1522 1279 1869 1354 profectum
1897 1283 2001 1336 est.

186 1360 341 1434 Quin
372 1363 557 1420 etiam
588 1362 781 1438 ipsum
814 1359 1146 1420 Arnoldum
1195 1359 1483 1420 maluisse
1505 1360 1754 1437 placari
1780 1362 2003 1437 princi-

172 1463 304 1522 pes,
336 1464 520 1524 quam
549 1444 919 1515 factionibus
950 1443 1222 1503 distineri
1259 1449 1515 1503 testatur
1543 1463 1845 1504 summum
1877 1446 2002 1504 eius

179 1527 476 1606 qaudium
522 1527 596 1587 de
636 1523 1022 1587 matrimonio
1074 1530 1225 1587 inter
1275 1527 1628 1587 Heinricum
1658 1526 2001 1605 palatinum

182 1610 529 1690 etAynetem
557 1605 827 1671 Conradi
833 1611 1100 1689 palatini
1123 1610 1196 1670 de
1218 1610 1423 1670 Rheno
1448 1610 1638 1685 filiam
1665 1615 1999 1690 contractO,

181 1714 300 1773 quo
325 1714 543 1773 pacem
574 1697 635 1754 in
669 1694 946 1754 Saxonia
978 1697 1402 1767 confirmatum.
1433 1697 1511 1754 iri
1541 1698 1804 1768 confisus
1835 1700 1935 1753 est.

348 1777 605 1838 Arnoldi
642 1797 830 1856 yenus
872 1777 1110 1837 dicendi
1158 1783 1436 1837 nostram
1487 1777 1804 1838 editionem
1846 1777 2000 1837 evol-

177 1864 336 1920 venti
393 1864 591 1922 minus
640 1864 822 1921 etiam
872 1861 1365 1938 comprobabitur
1423 1861 1803 1922 emendatum
1856 1881 1998 1939 esse,

179 1963 366 2023 quam
393 1944 700 2024 hucusque
728 1944 1045 2005 videbatur
1059 1969 1083 2022 ,-
1115 1945 1388 2022 plurima
1420 1947 1592 2024 enim,
1625 1944 1711 2004 ad
1742 1947 1999 2022 optimos

180 2026 369 2087 libros
399 2030 847 2106 manuscriptos
891 2027 1160 2088 redeunti
1205 2027 1570 2107 corripenda
1612 2034 1802 2105 erant,
1844 2047 1999 2107 quae

179 2130 291 2170 suo
325 2132 492 2171 more
521 2113 719 2171 invitis
749 2111 919 2172 libris
951 2111 1209 2171 editores
1254 2117 1651 2172 mutaverant.
1739 2113 1871 2171 Iam
1902 2131 1999 2170 ne-

176 2198 317 2273 yari
345 2215 468 2255 non
490 2190 706 2274 potest,
752 2198 814 2255 in
859 2201 1195 2272 temporum
1241 2215 1424 2275 quam
1468 2201 1693 2256 vocant
1719 2214 1998 2255 consecu-

179 2280 359 2358 tione,
407 2282 468 2339 in
499 2278 717 2357 modiS‚
759 2281 821 2338 in
865 2278 1186 2338 verborum
1229 2299 1443 2358 qenere
1485 2281 1834 2357 saepissime
1865 2298 1999 2338 eum

179 2381 435 2440 errasse,
487 2361 796 2422 seductum
845 2361 1152 2422 vernaculi
1191 2365 1487 2422 sermonis
1539 2362 1800 2441 leyibus:
1844 2380 2000 2441 quae

176 2445 527 2523 sinqulatim
557 2445 652 2505 hic
682 2465 1036 2505 enumerare
1077 2445 1326 2525 lonyum
1365 2451 1465 2505 est.
1556 2445 1835 2506 Sermoni
1875 2464 1999 2504 mo·

177 2528 519 2605 nachorum
549 2529 807 2607 vulqari,
839 2528 1040 2607 qualis
1086 2535 1174 2588 est
1199 2528 1491 2606 Arnoldo,
1527 2529 1828 2606 plurimos
1868 2527 1998 2586 Vul-

176 2616 360 2688 9atae
403 2631 558 2690 quae
594 2610 814 2670 dicitur
843 2611 1013 2670 locos
1054 2632 1180 2671 esse
1229 2614 1485 2671 insertos
1528 2632 1700 2672 nemo
1752 2610 1998 2669 mirabi-

177 2699 296 2772 tur,
341 2693 449 2753 sed
479 2694 799 2753 mirabitur
836 2695 1122 2772 fortasse,
1166 2700 1402 2754 tantam
1439 2697 1629 2766 fuisse
1673 2697 1734 2753 in
1780 2694 1997 2752 clerico

173 2782 494 2854 poetarum
524 2777 941 2837 Romanorum
970 2780 1301 2837 scientiam,
1381 2778 1669 2855 Quorum,
1708 2796 1859 2856 quos
1888 2796 2000 2835 nos

178 2859 387 2920 dedita
418 2880 605 2938 opera
629 2862 940 2938 potuimus
984 2859 1305 2938 indayare‚
1351 2860 1470 2919 loci
1509 2859 1569 2919 hi
1600 2865 1772 2920 sunt:
1831 2861 1999 2939 quin-

178 2963 289 3021 que
340 2943 584 3022 Viryilii,
621 2943 848 3004 scilicet
889 2942 925 3001 l.
964 2942 1020 3002 V.
1055 2964 1102 3002 c.
1131 2947 1229 3005 28.
1273 2943 1310 3002 l.
1355 2943 1410 3003 V.
1446 2964 1492 3002 c.
1519 2946 1597 3004 29
1645 2948 1703 3002 et
1752 2942 1836 3001 VI.
1876 2944 1992 3002 c.6.

178 3025 215 3084 l.
262 3026 365 3084 ΙΙΙ.
416 3047 466 3085 c.
509 3030 600 3089 19.
647 3027 684 3086 l.
728 3026 839 3085 VII.
890 3047 936 3085 c.
978 3030 1069 3087 18.
1118 3025 1155 3084 l.
1194 3027 1239 3085 I.
1277 3029 1479 3104 praef.
1548 3063 1613 3071 -
1679 3046 1783 3086 sex
1839 3025 2000 3085 Artis

169 3111 448 3184 poeticae
507 3109 909 3188 Horati-anae,
969 3108 1199 3168 scilicet
1239 3109 1276 3169 l.
1329 3111 1434 3169 III.
1485 3131 1531 3169 c.
1560 3112 1614 3170 6.
1678 3109 1715 3169 l.
1760 3109 1814 3168 V.
1864 3113 1910 3167 c.
1938 3112 1993 3168 7.

179 3190 216 3250 l.
258 3191 372 3251 VH.
405 3212 451 3250 c.
476 3193 568 3250 16.
627 3192 665 3250 l.
702 3192 758 3250 V.
806 3212 852 3251 c.
885 3195 977 3252 13.
1025 3191 1062 3250 l.
1109 3192 1224 3250 VII.
1260 3213 1306 3251 c.
1336 3196 1393 3253 8.
1441 3193 1644 3264 Praef.
1697 3228 1770 3236 -
1832 3194 1995 3271 quin-

180 3293 292 3352 que
354 3273 570 3349 Ovidii,
628 3274 856 3334 scilicet
911 3274 948 3333 l.
988 3275 1063 3334 ΙΙ.
1111 3295 1158 3333 c.
1195 3279 1287 3334 14.
1352 3276 1388 3334 l.
1425 3276 1528 3334 III.
1570 3296 1615 3334 c.
1649 3278 1742 3335 13.
1799 3275 1837 3334 l.
1879 3273 1993 3332 VII.

183 3376 233 3415 c.
267 3359 358 3419 12.
449 3356 486 3416 l.
520 3356 614 3416 IV.
665 3378 712 3416 c.
739 3358 795 3417 2.
871 3356 909 3415 l.
942 3357 1015 3416 ΙΙ.
1063 3378 1112 3416 c.
1147 3360 1201 3416 4.
1257 3395 1336 3402 -
1413 3378 1566 3418 unus
1612 3357 1810 3435 Statii,
1840 3354 1995 3415 scili-
