<?xml version="1.0" encoding="UTF-8"?>
<!DOCTYPE html PUBLIC "-//W3C//DTD XHTML 1.0 Transitional//EN"
    "http://www.w3.org/TR/xhtml1/DTD/xhtml1-transitional.dtd">
<html xmlns="http://www.w3.org/1999/xhtml" xml:lang="en" lang="en">
 <head>
  <title>
</title>
<meta http-equiv="Content-Type" content="text/html;charset=utf-8" />
  <meta name='ocr-system' content='tesseract 3.04.00' />
  <meta name='ocr-capabilities' content='ocr_page ocr_carea ocr_par ocr_line ocrx_word'/>
</head>
<body>
  <div class='ocr_page' id='page_1' title='image "arnoldichronicas00arnouoft_0054.png"; bbox 0 0 2193 3641; ppageno 0'>
   <div class='ocr_carea' id='block_1_1' title="bbox 227 156 2005 217">
    <p class='ocr_par' dir='ltr' id='par_1_1' title="bbox 227 156 2005 217">
     <span class='ocr_line' id='line_1_1' title="bbox 227 156 2005 217; baseline 0.001 -1"><span class='ocrx_word' id='word_1_1' title='bbox 227 160 302 216; x_wconf 77' lang='lat'>42</span> <span class='ocrx_word' id='word_1_2' title='bbox 393 157 738 217; x_wconf 82' lang='lat' dir='ltr'>ARNOLDl</span> <span class='ocrx_word' id='word_1_3' title='bbox 784 156 1184 217; x_wconf 82' lang='lat' dir='ltr'><strong>CHRONICA</strong></span> <span class='ocrx_word' id='word_1_4' title='bbox 1232 156 1674 217; x_wconf 82' lang='lat' dir='ltr'>SLAVORUM.</span> <span class='ocrx_word' id='word_1_5' title='bbox 1749 158 1891 217; x_wconf 92' lang='lat' dir='ltr'>LlB.</span> <span class='ocrx_word' id='word_1_6' title='bbox 1939 159 2005 217; x_wconf 88' lang='lat'>11.</span> 
     </span>
    </p>
   </div>
   <div class='ocr_carea' id='block_1_2' title="bbox 62 321 2046 3051">
    <p class='ocr_par' dir='ltr' id='par_1_2' title="bbox 73 321 2046 816">
     <span class='ocr_line' id='line_1_2' title="bbox 73 321 2044 402; baseline 0.001 -22"><span class='ocrx_word' id='word_1_7' title='bbox 73 337 203 380; x_wconf 71' lang='lat'>1178.</span> <span class='ocrx_word' id='word_1_8' title='bbox 224 323 309 382; x_wconf 82' lang='lat' dir='ltr'>cis</span> <span class='ocrx_word' id='word_1_9' title='bbox 347 321 783 402; x_wconf 78' lang='lat' dir='ltr'>palustribus1.</span> <span class='ocrx_word' id='word_1_10' title='bbox 860 323 1136 380; x_wconf 80' lang='lat' dir='ltr'>Mortuus</span> <span class='ocrx_word' id='word_1_11' title='bbox 1186 331 1283 381; x_wconf 84' lang='lat' dir='ltr'>est</span> <span class='ocrx_word' id='word_1_12' title='bbox 1315 330 1522 380; x_wconf 87' lang='lat' dir='ltr'>autem</span> <span class='ocrx_word' id='word_1_13' title='bbox 1567 331 1713 381; x_wconf 88' lang='lat' dir='ltr'>tunc</span> <span class='ocrx_word' id='word_1_14' title='bbox 1745 322 2044 402; x_wconf 87' lang='lat' dir='ltr'>temporis</span> 
     </span>
     <span class='ocr_line' id='line_1_3' title="bbox 221 403 2046 484; baseline 0 -20"><span class='ocrx_word' id='word_1_15' title='bbox 221 406 548 464; x_wconf 89' lang='lat' dir='ltr'>Heinricus</span> <span class='ocrx_word' id='word_1_16' title='bbox 584 425 819 483; x_wconf 88' lang='lat' dir='ltr'>comes,</span> <span class='ocrx_word' id='word_1_17' title='bbox 854 405 1104 464; x_wconf 83' lang='lat' dir='ltr'>vitricus</span> <span class='ocrx_word' id='word_1_18' title='bbox 1128 404 1152 442; x_wconf 84' lang='lat'><strong>²</strong></span> <span class='ocrx_word' id='word_1_19' title='bbox 1186 405 1428 464; x_wconf 89' lang='lat' dir='ltr'>comitis</span> <span class='ocrx_word' id='word_1_20' title='bbox 1461 403 1679 483; x_wconf 81' lang='lat' dir='ltr'>Adolli,</span> <span class='ocrx_word' id='word_1_21' title='bbox 1713 404 1814 484; x_wconf 88' lang='lat' dir='ltr'>qui</span> <span class='ocrx_word' id='word_1_22' title='bbox 1847 406 2046 464; x_wconf 89' lang='lat' dir='ltr'>adhuc</span> 
     </span>
     <span class='ocr_line' id='line_1_4' title="bbox 221 488 2044 567; baseline 0 -20"><span class='ocrx_word' id='word_1_23' title='bbox 221 490 591 547; x_wconf 84' lang='lat' dir='ltr'>adolescens</span> <span class='ocrx_word' id='word_1_24' title='bbox 628 496 778 548; x_wconf 88' lang='lat' dir='ltr'>erat.</span> <span class='ocrx_word' id='word_1_25' title='bbox 821 488 941 547; x_wconf 84' lang='lat' dir='ltr'>Sed</span> <span class='ocrx_word' id='word_1_26' title='bbox 973 497 1174 546; x_wconf 90' lang='lat' dir='ltr'>mater</span> <span class='ocrx_word' id='word_1_27' title='bbox 1208 489 1339 547; x_wconf 88' lang='lat' dir='ltr'>eius</span> <span class='ocrx_word' id='word_1_28' title='bbox 1370 488 1744 566; x_wconf 88' lang='lat' dir='ltr'>Mechtildis,</span> <span class='ocrx_word' id='word_1_29' title='bbox 1770 490 2044 567; x_wconf 87' lang='lat' dir='ltr'>prudens</span> 
     </span>
     <span class='ocr_line' id='line_1_5' title="bbox 221 570 2044 650; baseline -0.001 -20"><span class='ocrx_word' id='word_1_30' title='bbox 221 581 282 630; x_wconf 89' lang='lat' dir='ltr'>et</span> <span class='ocrx_word' id='word_1_31' title='bbox 327 572 617 650; x_wconf 87' lang='lat' dir='ltr'>religiosa</span> <span class='ocrx_word' id='word_1_32' title='bbox 668 570 935 648; x_wconf 79' lang='lat' dir='ltr'>femina,</span> <span class='ocrx_word' id='word_1_33' title='bbox 985 571 1182 629; x_wconf 88' lang='lat' dir='ltr'>soluta</span> <span class='ocrx_word' id='word_1_34' title='bbox 1232 592 1262 629; x_wconf 89' lang='lat' dir='ltr'>a</span> <span class='ocrx_word' id='word_1_35' title='bbox 1312 571 1453 650; x_wconf 86' lang='lat' dir='ltr'>lege</span> <span class='ocrx_word' id='word_1_36' title='bbox 1498 571 1734 650; x_wconf 88' lang='lat' dir='ltr'>mariti,</span> <span class='ocrx_word' id='word_1_37' title='bbox 1792 573 2044 630; x_wconf 89' lang='lat' dir='ltr'>domum</span> 
     </span>
     <span class='ocr_line' id='line_1_6' title="bbox 217 653 2042 733; baseline 0.001 -22"><span class='ocrx_word' id='word_1_38' title='bbox 217 655 377 712; x_wconf 86' lang='lat' dir='ltr'>illius</span> <span class='ocrx_word' id='word_1_39' title='bbox 428 655 746 733; x_wconf 83' lang='lat' dir='ltr'>sapienter</span> <span class='ocrx_word' id='word_1_40' title='bbox 794 654 1180 733; x_wconf 84' lang='lat' dir='ltr'>disponebat.</span> <span class='ocrx_word' id='word_1_41' title='bbox 1258 653 1374 725; x_wconf 83' lang='lat' dir='ltr'>Qui</span> <span class='ocrx_word' id='word_1_42' title='bbox 1427 674 1565 713; x_wconf 91' lang='lat' dir='ltr'>cum</span> <span class='ocrx_word' id='word_1_43' title='bbox 1615 655 1795 714; x_wconf 88' lang='lat' dir='ltr'>miles</span> <span class='ocrx_word' id='word_1_44' title='bbox 1842 654 2042 712; x_wconf 86' lang='lat' dir='ltr'>factus</span> 
     </span>
     <span class='ocr_line' id='line_1_7' title="bbox 217 736 1709 816; baseline 0.001 -21"><span class='ocrx_word' id='word_1_45' title='bbox 217 737 462 809; x_wconf 90' lang='lat' dir='ltr'>fuisset,</span> <span class='ocrx_word' id='word_1_46' title='bbox 510 756 631 793; x_wconf 92' lang='lat' dir='ltr'>non</span> <span class='ocrx_word' id='word_1_47' title='bbox 666 737 1074 814; x_wconf 89' lang='lat' dir='ltr'>degeneravit</span> <span class='ocrx_word' id='word_1_48' title='bbox 1106 756 1138 795; x_wconf 92' lang='lat' dir='ltr'>a</span> <span class='ocrx_word' id='word_1_49' title='bbox 1174 736 1398 795; x_wconf 88' lang='lat' dir='ltr'>virtute</span> <span class='ocrx_word' id='word_1_50' title='bbox 1433 746 1709 816; x_wconf 86' lang='lat' dir='ltr'>paterna.</span> 
     </span>
    </p>

    <p class='ocr_par' dir='ltr' id='par_1_3' title="bbox 62 817 2043 1063">
     <span class='ocr_line' id='line_1_8' title="bbox 344 817 2043 892; baseline 0 -16"><span class='ocrx_word' id='word_1_51' title='bbox 344 824 398 877; x_wconf 82' lang='lat'>7.</span> <span class='ocrx_word' id='word_1_52' title='bbox 431 818 518 876; x_wconf 91' lang='lat' dir='ltr'>De</span> <span class='ocrx_word' id='word_1_53' title='bbox 543 823 732 876; x_wconf 75' lang='lat' dir='ltr'>morte</span> <span class='ocrx_word' id='word_1_54' title='bbox 754 818 1080 877; x_wconf 83' lang='lat' dir='ltr'>Evermodi</span> <span class='ocrx_word' id='word_1_55' title='bbox 1108 825 1165 877; x_wconf 81' lang='lat' dir='ltr'>et</span> <span class='ocrx_word' id='word_1_56' title='bbox 1183 822 1560 878; x_wconf 76' lang='lat' dir='ltr'>successione</span> <span class='ocrx_word' id='word_1_57' title='bbox 1591 819 1640 878; x_wconf 87' lang='lat' dir='ltr'><em>Y</em></span> <span class='ocrx_word' id='word_1_58' title='bbox 1634 817 1835 892; x_wconf 82' lang='lat' dir='ltr'>sfridi.</span> <span class='ocrx_word' id='word_1_59' title='bbox 1870 818 2043 877; x_wconf 92' lang='lat' dir='ltr'>Tunc</span> 
     </span>
     <span class='ocr_line' id='line_1_9' title="bbox 215 901 2043 981; baseline 0 -22"><span class='ocrx_word' id='word_1_60' title='bbox 215 901 401 960; x_wconf 87' lang='lat' dir='ltr'>etiam</span> <span class='ocrx_word' id='word_1_61' title='bbox 450 901 750 981; x_wconf 91' lang='lat' dir='ltr'>temporis</span> <span class='ocrx_word' id='word_1_62' title='bbox 797 904 976 960; x_wconf 87' lang='lat' dir='ltr'>beate</span> <span class='ocrx_word' id='word_1_63' title='bbox 1020 902 1324 960; x_wconf 82' lang='lat' dir='ltr'>memorie</span> <span class='ocrx_word' id='word_1_64' title='bbox 1359 903 1625 961; x_wconf 90' lang='lat' dir='ltr'>domnus</span> <span class='ocrx_word' id='word_1_65' title='bbox 1659 903 2043 961; x_wconf 87' lang='lat' dir='ltr'>Evermodus</span> 
     </span>
     <span class='ocr_line' id='line_1_10' title="bbox 62 983 2042 1063; baseline 0.002 -25"><span class='ocrx_word' id='word_1_66' title='bbox 62 983 750 1063; x_wconf 73' lang='lat' dir='ltr'>febr.Racesl›urgensis</span> <span class='ocrx_word' id='word_1_67' title='bbox 800 992 1081 1043; x_wconf 87' lang='lat' dir='ltr'>mortuus</span> <span class='ocrx_word' id='word_1_68' title='bbox 1131 983 1298 1061; x_wconf 81' lang='lat' dir='ltr'>est³,</span> <span class='ocrx_word' id='word_1_69' title='bbox 1358 987 1467 1043; x_wconf 89' lang='lat' dir='ltr'>sed</span> <span class='ocrx_word' id='word_1_70' title='bbox 1515 985 1675 1043; x_wconf 89' lang='lat' dir='ltr'>sicut</span> <span class='ocrx_word' id='word_1_71' title='bbox 1729 983 2042 1044; x_wconf 86' lang='lat' dir='ltr'>devotioni</span> 
     </span>
    </p>

    <p class='ocr_par' dir='ltr' id='par_1_4' title="bbox 96 1057 2044 3051">
     <span class='ocr_line' id='line_1_11' title="bbox 96 1057 2044 1146; baseline -0.001 -21"><span class='ocrx_word' id='word_1_72' title='bbox 96 1057 165 1101; x_wconf 84' lang='lat'>16.</span> <span class='ocrx_word' id='word_1_73' title='bbox 209 1065 479 1126; x_wconf 88' lang='lat' dir='ltr'>fidelium</span> <span class='ocrx_word' id='word_1_74' title='bbox 523 1068 750 1146; x_wconf 89' lang='lat' dir='ltr'>placet,</span> <span class='ocrx_word' id='word_1_75' title='bbox 796 1066 943 1124; x_wconf 91' lang='lat' dir='ltr'>vivit</span> <span class='ocrx_word' id='word_1_76' title='bbox 974 1067 1033 1124; x_wconf 91' lang='lat' dir='ltr'>in</span> <span class='ocrx_word' id='word_1_77' title='bbox 1068 1066 1336 1142; x_wconf 82' lang='lat' dir='ltr'>Christo,</span> <span class='ocrx_word' id='word_1_78' title='bbox 1385 1068 1524 1146; x_wconf 87' lang='lat' dir='ltr'>quia</span> <span class='ocrx_word' id='word_1_79' title='bbox 1560 1066 1920 1146; x_wconf 80' lang='lat' dir='ltr'>religiosam</span> <span class='ocrx_word' id='word_1_80' title='bbox 1957 1066 2044 1124; x_wconf 88' lang='lat' dir='ltr'>vi·</span> 
     </span>
     <span class='ocr_line' id='line_1_12' title="bbox 208 1147 2038 1229; baseline -0.001 -20"><span class='ocrx_word' id='word_1_81' title='bbox 208 1159 335 1209; x_wconf 90' lang='lat' dir='ltr'>tam</span> <span class='ocrx_word' id='word_1_82' title='bbox 384 1152 617 1208; x_wconf 91' lang='lat' dir='ltr'>ducens</span> <span class='ocrx_word' id='word_1_83' title='bbox 662 1148 721 1206; x_wconf 93' lang='lat' dir='ltr'>in</span> <span class='ocrx_word' id='word_1_84' title='bbox 773 1149 1103 1208; x_wconf 88' lang='lat' dir='ltr'>sanctitate</span> <span class='ocrx_word' id='word_1_85' title='bbox 1152 1159 1212 1208; x_wconf 90' lang='lat' dir='ltr'>et</span> <span class='ocrx_word' id='word_1_86' title='bbox 1250 1149 1480 1209; x_wconf 89' lang='lat' dir='ltr'>iustitia</span> <span class='ocrx_word' id='word_1_87' title='bbox 1522 1169 1721 1229; x_wconf 88' lang='lat' dir='ltr'>usque</span> <span class='ocrx_word' id='word_1_88' title='bbox 1754 1150 1814 1207; x_wconf 92' lang='lat' dir='ltr'>in</span> <span class='ocrx_word' id='word_1_89' title='bbox 1849 1147 2038 1208; x_wconf 84' lang='lat' dir='ltr'>finem</span> 
     </span>
     <span class='ocr_line' id='line_1_13' title="bbox 207 1232 2041 1313; baseline -0.001 -21"><span class='ocrx_word' id='word_1_90' title='bbox 207 1236 677 1313; x_wconf 76' lang='lat' dir='ltr'>perseverabat,</span> <span class='ocrx_word' id='word_1_91' title='bbox 724 1232 804 1290; x_wconf 89' lang='lat' dir='ltr'>ita</span> <span class='ocrx_word' id='word_1_92' title='bbox 854 1240 939 1310; x_wconf 87' lang='lat' dir='ltr'>ut,</span> <span class='ocrx_word' id='word_1_93' title='bbox 988 1233 1146 1292; x_wconf 92' lang='lat' dir='ltr'>sicut</span> <span class='ocrx_word' id='word_1_94' title='bbox 1192 1233 1441 1312; x_wconf 88' lang='lat' dir='ltr'>quidam</span> <span class='ocrx_word' id='word_1_95' title='bbox 1475 1242 1789 1310; x_wconf 89' lang='lat' dir='ltr'>asserunt,</span> <span class='ocrx_word' id='word_1_96' title='bbox 1830 1251 1904 1292; x_wconf 89' lang='lat' dir='ltr'>eo</span> <span class='ocrx_word' id='word_1_97' title='bbox 1939 1234 2041 1291; x_wconf 91' lang='lat' dir='ltr'>ad-</span> 
     </span>
     <span class='ocr_line' id='line_1_14' title="bbox 207 1315 2040 1396; baseline -0.001 -21"><span class='ocrx_word' id='word_1_98' title='bbox 207 1317 328 1375; x_wconf 91' lang='lat' dir='ltr'>huc</span> <span class='ocrx_word' id='word_1_99' title='bbox 361 1316 611 1374; x_wconf 86' lang='lat' dir='ltr'>vivente</span> <span class='ocrx_word' id='word_1_100' title='bbox 647 1316 813 1374; x_wconf 89' lang='lat' dir='ltr'>Deus</span> <span class='ocrx_word' id='word_1_101' title='bbox 860 1335 972 1394; x_wconf 86' lang='lat' dir='ltr'>per</span> <span class='ocrx_word' id='word_1_102' title='bbox 1015 1335 1158 1374; x_wconf 90' lang='lat' dir='ltr'>eum</span> <span class='ocrx_word' id='word_1_103' title='bbox 1201 1316 1460 1375; x_wconf 88' lang='lat' dir='ltr'>virtutes</span> <span class='ocrx_word' id='word_1_104' title='bbox 1495 1319 1796 1396; x_wconf 90' lang='lat' dir='ltr'>quasdam</span> <span class='ocrx_word' id='word_1_105' title='bbox 1832 1315 2040 1394; x_wconf 90' lang='lat' dir='ltr'>signo-</span> 
     </span>
     <span class='ocr_line' id='line_1_15' title="bbox 207 1398 2036 1478; baseline -0.001 -21"><span class='ocrx_word' id='word_1_106' title='bbox 207 1419 344 1457; x_wconf 88' lang='lat' dir='ltr'>rum</span> <span class='ocrx_word' id='word_1_107' title='bbox 395 1407 690 1478; x_wconf 88' lang='lat' dir='ltr'>operatus</span> <span class='ocrx_word' id='word_1_108' title='bbox 727 1398 928 1456; x_wconf 88' lang='lat' dir='ltr'>fuerit.</span> <span class='ocrx_word' id='word_1_109' title='bbox 990 1400 1063 1457; x_wconf 89' lang='lat' dir='ltr'>Et</span> <span class='ocrx_word' id='word_1_110' title='bbox 1096 1399 1237 1478; x_wconf 90' lang='lat' dir='ltr'>quia</span> <span class='ocrx_word' id='word_1_111' title='bbox 1271 1398 1658 1478; x_wconf 77' lang='lat' dir='ltr'>oportunitas</span> <span class='ocrx_word' id='word_1_112' title='bbox 1693 1418 1762 1457; x_wconf 90' lang='lat' dir='ltr'>se</span> <span class='ocrx_word' id='word_1_113' title='bbox 1796 1398 2036 1478; x_wconf 90' lang='lat' dir='ltr'>optulit,</span> 
     </span>
     <span class='ocr_line' id='line_1_16' title="bbox 207 1481 2035 1561; baseline 0 -22"><span class='ocrx_word' id='word_1_114' title='bbox 207 1502 329 1540; x_wconf 90' lang='lat' dir='ltr'>non</span> <span class='ocrx_word' id='word_1_115' title='bbox 367 1482 611 1541; x_wconf 89' lang='lat' dir='ltr'>silentio</span> <span class='ocrx_word' id='word_1_116' title='bbox 640 1484 1054 1561; x_wconf 80' lang='lat' dir='ltr'>pretereunda</span> <span class='ocrx_word' id='word_1_117' title='bbox 1083 1490 1247 1559; x_wconf 90' lang='lat' dir='ltr'>sunt,</span> <span class='ocrx_word' id='word_1_118' title='bbox 1282 1502 1400 1561; x_wconf 92' lang='lat' dir='ltr'>que</span> <span class='ocrx_word' id='word_1_119' title='bbox 1429 1481 1702 1541; x_wconf 90' lang='lat' dir='ltr'>fidelium</span> <span class='ocrx_word' id='word_1_120' title='bbox 1733 1481 2035 1540; x_wconf 83' lang='lat' dir='ltr'>relatione</span> 
     </span>
     <span class='ocr_line' id='line_1_17' title="bbox 207 1564 2034 1644; baseline -0.001 -20"><span class='ocrx_word' id='word_1_121' title='bbox 207 1565 551 1624; x_wconf 84' lang='lat' dir='ltr'>didicimus.</span> <span class='ocrx_word' id='word_1_122' title='bbox 635 1564 870 1623; x_wconf 87' lang='lat' dir='ltr'>Accidit</span> <span class='ocrx_word' id='word_1_123' title='bbox 931 1573 994 1623; x_wconf 91' lang='lat' dir='ltr'>ut</span> <span class='ocrx_word' id='word_1_124' title='bbox 1049 1567 1317 1644; x_wconf 91' lang='lat' dir='ltr'>quodam</span> <span class='ocrx_word' id='word_1_125' title='bbox 1376 1573 1661 1644; x_wconf 85' lang='lat' dir='ltr'>tempore</span> <span class='ocrx_word' id='word_1_126' title='bbox 1705 1564 2034 1623; x_wconf 87' lang='lat' dir='ltr'>Heinricus</span> 
     </span>
     <span class='ocr_line' id='line_1_18' title="bbox 207 1647 2037 1727; baseline -0.001 -21"><span class='ocrx_word' id='word_1_127' title='bbox 207 1668 420 1707; x_wconf 89' lang='lat' dir='ltr'>comes</span> <span class='ocrx_word' id='word_1_128' title='bbox 455 1650 530 1708; x_wconf 90' lang='lat' dir='ltr'>de</span> <span class='ocrx_word' id='word_1_129' title='bbox 564 1648 949 1726; x_wconf 88' lang='lat' dir='ltr'>Racesburg,</span> <span class='ocrx_word' id='word_1_130' title='bbox 998 1648 1172 1706; x_wconf 88' lang='lat' dir='ltr'>cuius</span> <span class='ocrx_word' id='word_1_131' title='bbox 1207 1647 1591 1727; x_wconf 86' lang='lat' dir='ltr'>temporibus</span> <span class='ocrx_word' id='word_1_132' title='bbox 1623 1648 1788 1706; x_wconf 91' lang='lat' dir='ltr'>idem</span> <span class='ocrx_word' id='word_1_133' title='bbox 1822 1647 2037 1726; x_wconf 87' lang='lat' dir='ltr'>presul</span> 
     </span>
     <span class='ocr_line' id='line_1_19' title="bbox 205 1730 2033 1810; baseline 0 -22"><span class='ocrx_word' id='word_1_134' title='bbox 205 1751 238 1788; x_wconf 92' lang='lat' dir='ltr'>a</span> <span class='ocrx_word' id='word_1_135' title='bbox 273 1734 427 1791; x_wconf 91' lang='lat' dir='ltr'>duce</span> <span class='ocrx_word' id='word_1_136' title='bbox 455 1730 744 1790; x_wconf 90' lang='lat' dir='ltr'>Heinrico</span> <span class='ocrx_word' id='word_1_137' title='bbox 779 1731 852 1789; x_wconf 89' lang='lat' dir='ltr'>ad</span> <span class='ocrx_word' id='word_1_138' title='bbox 881 1730 1311 1810; x_wconf 87' lang='lat' dir='ltr'>episcopatum</span> <span class='ocrx_word' id='word_1_139' title='bbox 1342 1740 1600 1790; x_wconf 88' lang='lat' dir='ltr'>vocatus</span> <span class='ocrx_word' id='word_1_140' title='bbox 1628 1731 1853 1808; x_wconf 85' lang='lat' dir='ltr'>fuerat,</span> <span class='ocrx_word' id='word_1_141' title='bbox 1880 1732 2033 1788; x_wconf 89' lang='lat' dir='ltr'>duos</span> 
     </span>
     <span class='ocr_line' id='line_1_20' title="bbox 204 1812 2032 1893; baseline -0.001 -20"><span class='ocrx_word' id='word_1_142' title='bbox 204 1814 466 1873; x_wconf 90' lang='lat' dir='ltr'>haberet</span> <span class='ocrx_word' id='word_1_143' title='bbox 500 1814 777 1893; x_wconf 89' lang='lat' dir='ltr'>captivos</span> <span class='ocrx_word' id='word_1_144' title='bbox 811 1813 1093 1893; x_wconf 82' lang='lat' dir='ltr'>insignes</span> <span class='ocrx_word' id='word_1_145' title='bbox 1129 1816 1201 1872; x_wconf 92' lang='lat' dir='ltr'>de</span> <span class='ocrx_word' id='word_1_146' title='bbox 1227 1813 1438 1872; x_wconf 88' lang='lat' dir='ltr'>Frisia.</span> <span class='ocrx_word' id='word_1_147' title='bbox 1493 1814 1666 1885; x_wconf 86' lang='lat' dir='ltr'>Quos</span> <span class='ocrx_word' id='word_1_148' title='bbox 1702 1833 1840 1872; x_wconf 88' lang='lat' dir='ltr'>cum</span> <span class='ocrx_word' id='word_1_149' title='bbox 1878 1812 2032 1872; x_wconf 89' lang='lat' dir='ltr'>mul·</span> 
     </span>
     <span class='ocr_line' id='line_1_21' title="bbox 202 1896 2033 1976; baseline 0 -21"><span class='ocrx_word' id='word_1_150' title='bbox 202 1905 334 1955; x_wconf 88' lang='lat' dir='ltr'>tum</span> <span class='ocrx_word' id='word_1_151' title='bbox 366 1897 687 1974; x_wconf 87' lang='lat' dir='ltr'>tyrannico</span> <span class='ocrx_word' id='word_1_152' title='bbox 722 1916 896 1956; x_wconf 91' lang='lat' dir='ltr'>more</span> <span class='ocrx_word' id='word_1_153' title='bbox 926 1905 1353 1974; x_wconf 68' lang='lat' dir='ltr'>tormentaret,</span> <span class='ocrx_word' id='word_1_154' title='bbox 1387 1896 1722 1976; x_wconf 89' lang='lat' dir='ltr'>episcopus</span> <span class='ocrx_word' id='word_1_155' title='bbox 1750 1896 1838 1955; x_wconf 90' lang='lat' dir='ltr'>eis</span> <span class='ocrx_word' id='word_1_156' title='bbox 1866 1915 2033 1955; x_wconf 90' lang='lat' dir='ltr'>com-</span> 
     </span>
     <span class='ocr_line' id='line_1_22' title="bbox 201 1979 2028 2058; baseline -0.001 -20"><span class='ocrx_word' id='word_1_157' title='bbox 201 1982 446 2058; x_wconf 89' lang='lat' dir='ltr'>patiens</span> <span class='ocrx_word' id='word_1_158' title='bbox 478 1980 689 2058; x_wconf 92' lang='lat' dir='ltr'>sepius</span> <span class='ocrx_word' id='word_1_159' title='bbox 722 1979 1038 2058; x_wconf 89' lang='lat' dir='ltr'>comitem,</span> <span class='ocrx_word' id='word_1_160' title='bbox 1070 1989 1134 2037; x_wconf 88' lang='lat' dir='ltr'>ut</span> <span class='ocrx_word' id='word_1_161' title='bbox 1168 1999 1276 2038; x_wconf 90' lang='lat' dir='ltr'>eos</span> <span class='ocrx_word' id='word_1_162' title='bbox 1304 1980 1682 2058; x_wconf 87' lang='lat' dir='ltr'>absolveret,</span> <span class='ocrx_word' id='word_1_163' title='bbox 1716 1982 2028 2038; x_wconf 87' lang='lat' dir='ltr'>exorabat.</span> 
     </span>
     <span class='ocr_line' id='line_1_23' title="bbox 202 2061 2030 2140; baseline -0.001 -20"><span class='ocrx_word' id='word_1_164' title='bbox 202 2063 323 2120; x_wconf 84' lang='lat' dir='ltr'>Sed</span> <span class='ocrx_word' id='word_1_165' title='bbox 359 2063 459 2121; x_wconf 90' lang='lat' dir='ltr'>ille</span> <span class='ocrx_word' id='word_1_166' title='bbox 494 2062 659 2120; x_wconf 90' lang='lat' dir='ltr'>nulla</span> <span class='ocrx_word' id='word_1_167' title='bbox 697 2071 903 2120; x_wconf 89' lang='lat' dir='ltr'>motus</span> <span class='ocrx_word' id='word_1_168' title='bbox 939 2063 1340 2121; x_wconf 89' lang='lat' dir='ltr'>miseratione</span> <span class='ocrx_word' id='word_1_169' title='bbox 1375 2082 1495 2120; x_wconf 88' lang='lat' dir='ltr'>non</span> <span class='ocrx_word' id='word_1_170' title='bbox 1531 2062 1737 2122; x_wconf 88' lang='lat' dir='ltr'>minus</span> <span class='ocrx_word' id='word_1_171' title='bbox 1772 2061 1861 2120; x_wconf 91' lang='lat' dir='ltr'>eis</span> <span class='ocrx_word' id='word_1_172' title='bbox 1892 2081 2030 2140; x_wconf 85' lang='lat' dir='ltr'>par-</span> 
     </span>
     <span class='ocr_line' id='line_1_24' title="bbox 204 2144 2028 2224; baseline 0 -22"><span class='ocrx_word' id='word_1_173' title='bbox 204 2148 399 2205; x_wconf 88' lang='lat' dir='ltr'>cebat.</span> <span class='ocrx_word' id='word_1_174' title='bbox 454 2146 619 2203; x_wconf 83' lang='lat' dir='ltr'>Inter</span> <span class='ocrx_word' id='word_1_175' title='bbox 644 2146 761 2203; x_wconf 86' lang='lat' dir='ltr'>hec</span> <span class='ocrx_word' id='word_1_176' title='bbox 789 2145 1101 2224; x_wconf 87' lang='lat' dir='ltr'>paschalis</span> <span class='ocrx_word' id='word_1_177' title='bbox 1131 2145 1492 2224; x_wconf 89' lang='lat' dir='ltr'>supervenit</span> <span class='ocrx_word' id='word_1_178' title='bbox 1526 2145 1680 2223; x_wconf 89' lang='lat' dir='ltr'>dies,</span> <span class='ocrx_word' id='word_1_179' title='bbox 1715 2154 1775 2203; x_wconf 92' lang='lat' dir='ltr'>et</span> <span class='ocrx_word' id='word_1_180' title='bbox 1801 2144 2028 2224; x_wconf 89' lang='lat' dir='ltr'>captivi</span> 
     </span>
     <span class='ocr_line' id='line_1_25' title="bbox 201 2227 2027 2307; baseline 0.001 -22"><span class='ocrx_word' id='word_1_181' title='bbox 201 2248 312 2307; x_wconf 92' lang='lat' dir='ltr'>pro</span> <span class='ocrx_word' id='word_1_182' title='bbox 356 2228 708 2287; x_wconf 88' lang='lat' dir='ltr'>reverentia</span> <span class='ocrx_word' id='word_1_183' title='bbox 752 2228 893 2286; x_wconf 89' lang='lat' dir='ltr'>festi</span> <span class='ocrx_word' id='word_1_184' title='bbox 939 2227 1158 2285; x_wconf 88' lang='lat' dir='ltr'>divinis</span> <span class='ocrx_word' id='word_1_185' title='bbox 1193 2228 1554 2305; x_wconf 69' lang='lat' dir='ltr'>intererant,</span> <span class='ocrx_word' id='word_1_186' title='bbox 1597 2230 1710 2287; x_wconf 90' lang='lat' dir='ltr'>sub</span> <span class='ocrx_word' id='word_1_187' title='bbox 1747 2227 2027 2287; x_wconf 88' lang='lat' dir='ltr'>custodia</span> 
     </span>
     <span class='ocr_line' id='line_1_26' title="bbox 201 2310 2024 2390; baseline 0 -22"><span class='ocrx_word' id='word_1_188' title='bbox 201 2319 412 2368; x_wconf 90' lang='lat' dir='ltr'>tamen</span> <span class='ocrx_word' id='word_1_189' title='bbox 440 2310 770 2369; x_wconf 87' lang='lat' dir='ltr'>durissime</span> <span class='ocrx_word' id='word_1_190' title='bbox 799 2310 1148 2389; x_wconf 88' lang='lat' dir='ltr'>compediti.</span> <span class='ocrx_word' id='word_1_191' title='bbox 1195 2312 1475 2389; x_wconf 87' lang='lat' dir='ltr'>Cumque</span> <span class='ocrx_word' id='word_1_192' title='bbox 1503 2311 1836 2390; x_wconf 91' lang='lat' dir='ltr'>episcopus</span> <span class='ocrx_word' id='word_1_193' title='bbox 1862 2311 2024 2369; x_wconf 87' lang='lat' dir='ltr'>facta</span> 
     </span>
     <span class='ocr_line' id='line_1_27' title="bbox 202 2391 2022 2473; baseline 0.001 -23"><span class='ocrx_word' id='word_1_194' title='bbox 202 2393 568 2472; x_wconf 88' lang='lat' dir='ltr'>aspersione</span> <span class='ocrx_word' id='word_1_195' title='bbox 598 2395 669 2452; x_wconf 88' lang='lat' dir='ltr'>ad</span> <span class='ocrx_word' id='word_1_196' title='bbox 698 2412 806 2451; x_wconf 89' lang='lat' dir='ltr'>eos</span> <span class='ocrx_word' id='word_1_197' title='bbox 834 2393 1214 2471; x_wconf 90' lang='lat' dir='ltr'>devenisset,</span> <span class='ocrx_word' id='word_1_198' title='bbox 1243 2391 1489 2452; x_wconf 82' lang='lat' dir='ltr'>boiam4</span> <span class='ocrx_word' id='word_1_199' title='bbox 1513 2413 1675 2473; x_wconf 88' lang='lat' dir='ltr'>aqua</span> <span class='ocrx_word' id='word_1_200' title='bbox 1701 2393 2022 2452; x_wconf 90' lang='lat' dir='ltr'>benedicta</span> 
     </span>
     <span class='ocr_line' id='line_1_28' title="bbox 200 2475 2023 2555; baseline 0.001 -22"><span class='ocrx_word' id='word_1_201' title='bbox 200 2476 603 2534; x_wconf 85' lang='lat' dir='ltr'>miseratione</span> <span class='ocrx_word' id='word_1_202' title='bbox 631 2479 849 2534; x_wconf 89' lang='lat' dir='ltr'>ductus</span> <span class='ocrx_word' id='word_1_203' title='bbox 885 2476 1176 2555; x_wconf 86' lang='lat' dir='ltr'>aspersit,</span> <span class='ocrx_word' id='word_1_204' title='bbox 1211 2476 1306 2535; x_wconf 89' lang='lat' dir='ltr'>his</span> <span class='ocrx_word' id='word_1_205' title='bbox 1341 2496 1490 2535; x_wconf 89' lang='lat' dir='ltr'>usus</span> <span class='ocrx_word' id='word_1_206' title='bbox 1526 2476 1764 2535; x_wconf 90' lang='lat' dir='ltr'>verbis:</span> <span class='ocrx_word' id='word_1_207' title='bbox 1817 2475 2023 2534; x_wconf 87' lang='lat' dir='ltr'>Domi·</span> 
     </span>
     <span class='ocr_line' id='line_1_29' title="bbox 199 2556 2022 2635; baseline 0.001 -19"><span class='ocrx_word' id='word_1_208' title='bbox 199 2577 312 2616; x_wconf 83' lang='lat' dir='ltr'>nus</span> <span class='ocrx_word' id='word_1_209' title='bbox 344 2560 520 2635; x_wconf 73' lang='lat' dir='ltr'>eriyit</span> <span class='ocrx_word' id='word_1_210' title='bbox 548 2558 744 2635; x_wconf 75' lang='lat' dir='ltr'>elisos,</span> <span class='ocrx_word' id='word_1_211' title='bbox 776 2557 1071 2616; x_wconf 81' lang='lat' dir='ltr'>Dominus</span> <span class='ocrx_word' id='word_1_212' title='bbox 1101 2558 1282 2618; x_wconf 84' lang='lat' dir='ltr'>solvit</span> <span class='ocrx_word' id='word_1_213' title='bbox 1309 2557 1680 2635; x_wconf 81' lang='lat' dir='ltr'>compeditos</span> <span class='ocrx_word' id='word_1_214' title='bbox 1696 2556 1736 2617; x_wconf 82' lang='lat'>⁵.</span> <span class='ocrx_word' id='word_1_215' title='bbox 1795 2559 1869 2618; x_wconf 83' lang='lat' dir='ltr'>Et</span> <span class='ocrx_word' id='word_1_216' title='bbox 1899 2567 2022 2618; x_wconf 90' lang='lat' dir='ltr'>sta-</span> 
     </span>
     <span class='ocr_line' id='line_1_30' title="bbox 198 2640 2021 2721; baseline 0.002 -24"><span class='ocrx_word' id='word_1_217' title='bbox 198 2640 307 2699; x_wconf 90' lang='lat' dir='ltr'>tim</span> <span class='ocrx_word' id='word_1_218' title='bbox 343 2660 483 2699; x_wconf 89' lang='lat' dir='ltr'>cum</span> <span class='ocrx_word' id='word_1_219' title='bbox 519 2660 746 2719; x_wconf 88' lang='lat' dir='ltr'>magno</span> <span class='ocrx_word' id='word_1_220' title='bbox 784 2641 1044 2720; x_wconf 90' lang='lat' dir='ltr'>strepitu</span> <span class='ocrx_word' id='word_1_221' title='bbox 1079 2642 1213 2700; x_wconf 91' lang='lat' dir='ltr'>boia</span> <span class='ocrx_word' id='word_1_222' title='bbox 1241 2642 1577 2721; x_wconf 90' lang='lat' dir='ltr'>decrepuit.</span> <span class='ocrx_word' id='word_1_223' title='bbox 1630 2643 1704 2701; x_wconf 91' lang='lat' dir='ltr'>Et</span> <span class='ocrx_word' id='word_1_224' title='bbox 1727 2641 1809 2699; x_wconf 87' lang='lat' dir='ltr'>illi</span> <span class='ocrx_word' id='word_1_225' title='bbox 1837 2641 2021 2701; x_wconf 90' lang='lat' dir='ltr'>soluti</span> 
     </span>
     <span class='ocr_line' id='line_1_31' title="bbox 198 2722 2018 2803; baseline 0.001 -22"><span class='ocrx_word' id='word_1_226' title='bbox 198 2723 397 2782; x_wconf 87' lang='lat' dir='ltr'>Deum</span> <span class='ocrx_word' id='word_1_227' title='bbox 446 2722 892 2802; x_wconf 88' lang='lat' dir='ltr'>glorificabant.</span> <span class='ocrx_word' id='word_1_228' title='bbox 956 2725 1086 2783; x_wconf 89' lang='lat' dir='ltr'>Hec</span> <span class='ocrx_word' id='word_1_229' title='bbox 1128 2724 1189 2782; x_wconf 86' lang='lat' dir='ltr'>in</span> <span class='ocrx_word' id='word_1_230' title='bbox 1239 2734 1450 2783; x_wconf 91' lang='lat' dir='ltr'>monte</span> <span class='ocrx_word' id='word_1_231' title='bbox 1499 2725 1696 2783; x_wconf 89' lang='lat' dir='ltr'>sancti</span> <span class='ocrx_word' id='word_1_232' title='bbox 1730 2722 2018 2803; x_wconf 77' lang='lat' dir='ltr'>Georgii⁶</span> 
     </span>
     <span class='ocr_line' id='line_1_32' title="bbox 198 2807 2020 2887; baseline 0.001 -23"><span class='ocrx_word' id='word_1_233' title='bbox 198 2814 334 2864; x_wconf 89' lang='lat' dir='ltr'>acta</span> <span class='ocrx_word' id='word_1_234' title='bbox 369 2816 533 2885; x_wconf 90' lang='lat' dir='ltr'>sunt,</span> <span class='ocrx_word' id='word_1_235' title='bbox 579 2807 677 2864; x_wconf 91' lang='lat' dir='ltr'>ubi</span> <span class='ocrx_word' id='word_1_236' title='bbox 719 2815 866 2865; x_wconf 88' lang='lat' dir='ltr'>tunc</span> <span class='ocrx_word' id='word_1_237' title='bbox 900 2807 1273 2887; x_wconf 88' lang='lat' dir='ltr'>episcopalis</span> <span class='ocrx_word' id='word_1_238' title='bbox 1308 2809 1492 2866; x_wconf 90' lang='lat' dir='ltr'>sedes</span> <span class='ocrx_word' id='word_1_239' title='bbox 1529 2815 1681 2885; x_wconf 88' lang='lat' dir='ltr'>erat,</span> <span class='ocrx_word' id='word_1_240' title='bbox 1724 2826 1843 2886; x_wconf 92' lang='lat' dir='ltr'>que</span> <span class='ocrx_word' id='word_1_241' title='bbox 1877 2825 2020 2865; x_wconf 88' lang='lat' dir='ltr'>nec-</span> 
     </span>
     <span class='ocr_line' id='line_1_33' title="bbox 198 2890 2016 2968; baseline 0.002 -25"><span class='ocrx_word' id='word_1_242' title='bbox 198 2890 364 2963; x_wconf 87' lang='lat' dir='ltr'>dum,</span> <span class='ocrx_word' id='word_1_243' title='bbox 419 2898 483 2946; x_wconf 91' lang='lat' dir='ltr'>ut</span> <span class='ocrx_word' id='word_1_244' title='bbox 530 2908 712 2964; x_wconf 87' lang='lat' dir='ltr'>nunc,</span> <span class='ocrx_word' id='word_1_245' title='bbox 767 2909 878 2968; x_wconf 89' lang='lat' dir='ltr'>per</span> <span class='ocrx_word' id='word_1_246' title='bbox 919 2890 1117 2948; x_wconf 91' lang='lat' dir='ltr'>Deum</span> <span class='ocrx_word' id='word_1_247' title='bbox 1168 2890 1622 2948; x_wconf 89' lang='lat' dir='ltr'>incrementum</span> <span class='ocrx_word' id='word_1_248' title='bbox 1667 2896 2016 2968; x_wconf 86' lang='lat' dir='ltr'>acceperat.</span> 
     </span>
     <span class='ocr_line' id='line_1_34' title="bbox 197 2969 2016 3051; baseline 0.002 -24"><span class='ocrx_word' id='word_1_249' title='bbox 197 2969 347 3028; x_wconf 92' lang='lat' dir='ltr'>Boia</span> <span class='ocrx_word' id='word_1_250' title='bbox 391 2991 538 3028; x_wconf 87' lang='lat' dir='ltr'>vero</span> <span class='ocrx_word' id='word_1_251' title='bbox 587 2973 658 3027; x_wconf 92' lang='lat' dir='ltr'>ad</span> <span class='ocrx_word' id='word_1_252' title='bbox 708 2971 1000 3030; x_wconf 90' lang='lat' dir='ltr'>indicium</span> <span class='ocrx_word' id='word_1_253' title='bbox 1045 2980 1226 3051; x_wconf 83' lang='lat' dir='ltr'>geste</span> <span class='ocrx_word' id='word_1_254' title='bbox 1269 2972 1358 3031; x_wconf 88' lang='lat' dir='ltr'>rei</span> <span class='ocrx_word' id='word_1_255' title='bbox 1400 2972 1459 3029; x_wconf 91' lang='lat' dir='ltr'>in</span> <span class='ocrx_word' id='word_1_256' title='bbox 1505 2971 1772 3031; x_wconf 90' lang='lat' dir='ltr'>ecclesia</span> <span class='ocrx_word' id='word_1_257' title='bbox 1805 2971 2016 3031; x_wconf 90' lang='lat' dir='ltr'>multis</span> 
     </span>
    </p>
   </div>
   <div class='ocr_carea' id='block_1_3' title="bbox 196 3079 2015 3378">
    <p class='ocr_par' dir='ltr' id='par_1_5' title="bbox 196 3079 2015 3378">
     <span class='ocr_line' id='line_1_35' title="bbox 200 3079 2015 3141; baseline 0.002 -19"><span class='ocrx_word' id='word_1_258' title='bbox 200 3080 238 3135; x_wconf 87' lang='lat'>1)</span> <span class='ocrx_word' id='word_1_259' title='bbox 273 3079 404 3123; x_wconf 83' lang='lat' dir='ltr'>Facta</span> <span class='ocrx_word' id='word_1_260' title='bbox 441 3090 505 3124; x_wconf 81' lang='lat' dir='ltr'>est</span> <span class='ocrx_word' id='word_1_261' title='bbox 541 3081 649 3125; x_wconf 84' lang='lat' dir='ltr'>baec</span> <span class='ocrx_word' id='word_1_262' title='bbox 683 3096 826 3138; x_wconf 86' lang='lat' dir='ltr'>pugna</span> <span class='ocrx_word' id='word_1_263' title='bbox 863 3098 901 3127; x_wconf 85' lang='lat' dir='ltr'>a.</span> <span class='ocrx_word' id='word_1_264' title='bbox 944 3081 1074 3127; x_wconf 84' lang='lat'>1178.</span> <span class='ocrx_word' id='word_1_265' title='bbox 1109 3083 1226 3128; x_wconf 85' lang='lat' dir='ltr'>Anu.</span> <span class='ocrx_word' id='word_1_266' title='bbox 1262 3082 1422 3141; x_wconf 64' lang='lat' dir='ltr'>PegaV.</span> <span class='ocrx_word' id='word_1_267' title='bbox 1543 3083 1587 3139; x_wconf 84' lang='lat'>2)</span> <span class='ocrx_word' id='word_1_268' title='bbox 1622 3098 1662 3128; x_wconf 73' lang='lat' dir='ltr'>v.</span> <span class='ocrx_word' id='word_1_269' title='bbox 1696 3082 1924 3128; x_wconf 87' lang='lat' dir='ltr'>Helmold.</span> <span class='ocrx_word' id='word_1_270' title='bbox 1958 3081 2015 3134; x_wconf 85' lang='grc' dir='ltr'>ΙΙ,</span> 
     </span>
     <span class='ocr_line' id='line_1_36' title="bbox 197 3140 2013 3202; baseline 0.003 -21"><span class='ocrx_word' id='word_1_271' title='bbox 197 3154 236 3181; x_wconf 85' lang='lat' dir='ltr'>c.</span> <span class='ocrx_word' id='word_1_272' title='bbox 272 3140 313 3183; x_wconf 88' lang='grc'>7.</span> <span class='ocrx_word' id='word_1_273' title='bbox 378 3140 517 3192; x_wconf 87' lang='lat' dir='ltr'>Obiit,</span> <span class='ocrx_word' id='word_1_274' title='bbox 563 3142 597 3184; x_wconf 85' lang='lat' dir='ltr'>si</span> <span class='ocrx_word' id='word_1_275' title='bbox 644 3150 791 3185; x_wconf 86' lang='lat' dir='ltr'>noster</span> <span class='ocrx_word' id='word_1_276' title='bbox 836 3142 906 3186; x_wconf 86' lang='lat' dir='ltr'>hic</span> <span class='ocrx_word' id='word_1_277' title='bbox 953 3146 1154 3186; x_wconf 83' lang='lat' dir='ltr'>ordinem</span> <span class='ocrx_word' id='word_1_278' title='bbox 1190 3144 1400 3201; x_wconf 82' lang='lat' dir='ltr'>temporis</span> <span class='ocrx_word' id='word_1_279' title='bbox 1434 3144 1648 3202; x_wconf 84' lang='lat' dir='ltr'>sequitur,</span> <span class='ocrx_word' id='word_1_280' title='bbox 1692 3158 1733 3188; x_wconf 88' lang='lat' dir='ltr'>a.</span> <span class='ocrx_word' id='word_1_281' title='bbox 1773 3143 1913 3193; x_wconf 65' lang='lat'>117&amp;</span> <span class='ocrx_word' id='word_1_282' title='bbox 1955 3143 2013 3186; x_wconf 86' lang='lat' dir='ltr'>cs.</span> 
     </span>
     <span class='ocr_line' id='line_1_37' title="bbox 196 3200 2011 3258; baseline 0.003 -18"><span class='ocrx_word' id='word_1_283' title='bbox 196 3206 289 3243; x_wconf 85' lang='lat' dir='ltr'>not.</span> <span class='ocrx_word' id='word_1_284' title='bbox 322 3200 455 3256; x_wconf 85' lang='lat' dir='ltr'>prior.</span> <span class='ocrx_word' id='word_1_285' title='bbox 597 3201 640 3258; x_wconf 88' lang='lat'>3)</span> <span class='ocrx_word' id='word_1_286' title='bbox 675 3200 800 3245; x_wconf 91' lang='lat' dir='ltr'>Obiit</span> <span class='ocrx_word' id='word_1_287' title='bbox 834 3217 872 3245; x_wconf 88' lang='lat' dir='ltr'>a.</span> <span class='ocrx_word' id='word_1_288' title='bbox 910 3201 1027 3245; x_wconf 84' lang='lat'>1178</span> <span class='ocrx_word' id='word_1_289' title='bbox 1061 3206 1103 3246; x_wconf 91' lang='lat' dir='ltr'>d.</span> <span class='ocrx_word' id='word_1_290' title='bbox 1139 3203 1267 3248; x_wconf 82' lang='lat' dir='ltr'>Febr.</span> <span class='ocrx_word' id='word_1_291' title='bbox 1306 3203 1375 3250; x_wconf 85' lang='lat'>16.</span> <span class='ocrx_word' id='word_1_292' title='bbox 1448 3202 1497 3247; x_wconf 82' lang='lat' dir='ltr'>V.</span> <span class='ocrx_word' id='word_1_293' title='bbox 1530 3203 1649 3246; x_wconf 68' lang='lat' dir='ltr'>Anu.</span> <span class='ocrx_word' id='word_1_294' title='bbox 1678 3203 1804 3248; x_wconf 79' lang='lat' dir='ltr'>Stad.</span> <span class='ocrx_word' id='word_1_295' title='bbox 1838 3211 1882 3246; x_wconf 84' lang='lat' dir='ltr'>et</span> <span class='ocrx_word' id='word_1_296' title='bbox 1913 3201 2011 3246; x_wconf 84' lang='lat' dir='ltr'>Ne-</span> 
     </span>
     <span class='ocr_line' id='line_1_38' title="bbox 198 3259 2012 3320; baseline 0.002 -20"><span class='ocrx_word' id='word_1_297' title='bbox 198 3259 301 3301; x_wconf 85' lang='lat' dir='ltr'>crol.</span> <span class='ocrx_word' id='word_1_298' title='bbox 341 3259 589 3316; x_wconf 78' lang='lat' dir='ltr'>Luncburg.</span> <span class='ocrx_word' id='word_1_299' title='bbox 778 3263 820 3319; x_wconf 86' lang='lat'>4)</span> <span class='ocrx_word' id='word_1_300' title='bbox 856 3261 992 3305; x_wconf 84' lang='lat' dir='ltr'>Boiae</span> <span class='ocrx_word' id='word_1_301' title='bbox 1033 3277 1171 3318; x_wconf 80' lang='lat' dir='ltr'>genus</span> <span class='ocrx_word' id='word_1_302' title='bbox 1215 3264 1491 3307; x_wconf 78' lang='lat' dir='ltr'>vinculorum</span> <span class='ocrx_word' id='word_1_303' title='bbox 1538 3272 1624 3306; x_wconf 84' lang='lat' dir='ltr'>tam</span> <span class='ocrx_word' id='word_1_304' title='bbox 1666 3264 1837 3307; x_wconf 74' lang='lat' dir='ltr'>ferreae</span> <span class='ocrx_word' id='word_1_305' title='bbox 1881 3276 2012 3320; x_wconf 79' lang='lat' dir='ltr'>quam</span> 
     </span>
     <span class='ocr_line' id='line_1_39' title="bbox 196 3318 2010 3378; baseline 0.002 -19"><span class='ocrx_word' id='word_1_306' title='bbox 196 3318 367 3374; x_wconf 83' lang='lat' dir='ltr'>ligneae</span> <span class='ocrx_word' id='word_1_307' title='bbox 403 3333 470 3376; x_wconf 84' lang='lat' dir='ltr'>ap.</span> <span class='ocrx_word' id='word_1_308' title='bbox 506 3319 701 3371; x_wconf 84' lang='lat' dir='ltr'>Festum.</span> <span class='ocrx_word' id='word_1_309' title='bbox 859 3323 900 3378; x_wconf 76' lang='grc' dir='ltr'>ὃ)</span> <span class='ocrx_word' id='word_1_310' title='bbox 934 3320 1097 3366; x_wconf 84' lang='lat' dir='ltr'>Psalm.</span> <span class='ocrx_word' id='word_1_311' title='bbox 1140 3323 1236 3374; x_wconf 78' lang='lat'>145,</span> <span class='ocrx_word' id='word_1_312' title='bbox 1270 3322 1312 3367; x_wconf 87' lang='grc'>8.</span> <span class='ocrx_word' id='word_1_313' title='bbox 1469 3323 1509 3378; x_wconf 86' lang='grc'>6)</span> <span class='ocrx_word' id='word_1_314' title='bbox 1545 3321 1695 3374; x_wconf 72' lang='lat' dir='ltr'>Helm.</span> <span class='ocrx_word' id='word_1_315' title='bbox 1730 3323 1759 3365; x_wconf 89' lang='lat' dir='ltr'>l.</span> <span class='ocrx_word' id='word_1_316' title='bbox 1796 3321 1828 3366; x_wconf 85' lang='grc' dir='ltr'>Ι.</span> <span class='ocrx_word' id='word_1_317' title='bbox 1863 3336 1902 3365; x_wconf 88' lang='lat' dir='ltr'>c.</span> <span class='ocrx_word' id='word_1_318' title='bbox 1936 3321 2010 3364; x_wconf 86' lang='lat'>34.</span> 
     </span>
    </p>
   </div>
  </div>
 </body>
</html>
