2193 3641
418 196 770 257 ARNOLDI
816 195 1222 257 CHRONICA
1267 196 1709 259 SLAVORUM.
1936 207 1971 263 5

158 363 454 423 nonnulla
477 362 736 423 tradidit
759 362 877 437 fide
889 383 1153 440 prorsus
1177 362 1481 443 destituta,
1507 363 1685 424 veluti
1708 364 1972 425 duellum

157 447 310 506 inter
337 447 679 526 Droqonem
727 452 784 505 et
807 446 1067 524 Helyam
1096 449 1157 507 in
1203 447 1515 507 obsidione
1558 449 1724 508 urbis
1752 449 1972 510 Anilflce

159 533 543 590 commissum
588 535 647 589 et
684 533 1064 590 notissimam
1105 531 1276 590 illam
1321 530 1394 591 de
1423 532 1707 591 Heinrico
1751 536 1969 612 primo,

155 632 292 691 reqe
322 615 546 692 avium,
577 616 994 673 narrationem
1025 614 1110 674 ad
1139 615 1411 674 Heinrici
1439 616 1473 673 Ι
1480 615 1535 674 V.
1580 622 1851 692 tempora
1882 637 1971 676 re·

154 695 348 755 latam
392 696 465 756 de
504 697 744 756 aemulo
787 696 1055 777 quodam
1098 701 1346 775 imperii.
1451 700 1746 770 Conferas
1790 703 1971 759 etiam

155 778 320 859 quod
347 779 529 844 habet
556 778 629 839 de
655 780 882 840 Thoma
913 784 1189 859 episcopo
1210 783 1629 841 Cantuariensi
1659 782 1695 840 l.
1722 783 1766 840 I.
1795 804 1840 841 c.
1877 788 1969 860 14,

152 865 313 923 sicut
331 866 512 923 etiam
536 864 838 923 miracula
863 864 1165 944 quaedam
1189 869 1465 924 narravit
1489 872 1548 924 et
1575 869 1636 924 in
1661 865 1799 925 aliis
1823 887 1967 946 quo·

154 966 267 1026 que
294 947 641 1019 fabulosius
685 951 940 1025 exponit.
1031 947 1233 1007 Minor
1271 967 1505 1027 quoque
1547 948 1696 1020 fides
1742 952 1822 1007 eis
1862 949 1967 1007 ha-

154 1030 371 1109 benda7
405 1050 560 1110 quae
591 1030 665 1090 de
695 1034 870 1090 terris
901 1031 1142 1109 lonqius
1172 1033 1435 1109 remotis,
1478 1035 1656 1090 etiam
1690 1031 1761 1091 de
1792 1036 1968 1110 qestis

152 1115 589 1191 imperatorum
611 1114 852 1174 rettulit.
884 1115 953 1173 In
974 1115 1067 1173 his
1090 1117 1241 1174 enim
1262 1120 1320 1173 et
1336 1134 1457 1173 non
1472 1135 1712 1191 paucos
1736 1136 1970 1175 errores

154 1200 335 1257 etiam
361 1200 676 1275 yraviores
708 1200 1022 1276 commisit,
1060 1200 1216 1258 sicut
1260 1197 1333 1257 de
1362 1198 1654 1257 Friderici
1695 1200 1870 1258 rebus
1911 1219 1966 1258 a.

158 1285 317 1341 1176
347 1283 547 1360 yestis,
581 1280 653 1340 de
684 1285 855 1341 curia
886 1303 941 1340 a.
982 1285 1141 1343 1184
1174 1281 1522 1360 Moyuntiae
1554 1282 1761 1341 habita
1793 1289 1850 1341 et
1875 1302 1970 1342 res

151 1370 354 1443 qestas
386 1364 623 1425 brevius
654 1371 834 1445 atque
862 1367 1276 1424 inaccuratius
1321 1368 1610 1441 exposuit.
1699 1366 1968 1425 Econtra

155 1447 304 1508 alibi
334 1451 516 1508 etiam
546 1451 607 1508 in
628 1448 721 1508 his
734 1468 893 1526 prae
917 1451 1123 1508 ceteris
1147 1447 1294 1522 fides
1325 1451 1376 1507 ei
1398 1447 1677 1507 habenda
1703 1455 1791 1507 est
1799 1474 1819 1524 ,·
1853 1451 1964 1520 cfr.

152 1531 190 1591 l.
235 1531 348 1591 VII.
383 1553 430 1591 c.
465 1533 560 1612 12,
590 1535 720 1592 η.4.
765 1531 1040 1592 Attamen
1059 1534 1285 1592 summi
1316 1534 1598 1591 momenti
1628 1537 1783 1609 sunt,
1815 1552 1969 1610 quae

154 1615 233 1674 ab
264 1617 478 1674 amicis
510 1622 564 1675 et
591 1615 1006 1688 familiaribus
1037 1622 1344 1693 comperta
1373 1615 1586 1674 habuit
1625 1614 1696 1673 de
1728 1617 1810 1674 eis
1840 1617 1967 1694 qui-

155 1698 265 1758 bus
295 1700 698 1770 interfuerunt
739 1705 795 1758 et
821 1699 1101 1758 chronico
1147 1700 1410 1758 inseruit.
1527 1697 1765 1756 Videtur
1810 1701 1963 1757 enim

155 1781 347 1840 multa
392 1801 464 1841 ea·
507 1785 590 1842 eis
640 1801 794 1862 quae
847 1782 920 1841 de
950 1783 1233 1841 Heinrico
1279 1782 1472 1840 Leone
1513 1781 1716 1840 retulit
1756 1780 1966 1839 debere

153 1864 440 1925 Heinrico
475 1868 751 1943 episcopo
781 1866 1112 1944 Lubicensi,
1160 1886 1294 1925 cum
1324 1870 1631 1942 praeesset
1670 1869 1964 1923 monaste-

153 1950 247 2008 rio
280 1948 342 2007 S.
361 1947 596 2026 Aeyidii
620 1949 1078 2027 Brunswicensi,
1111 1948 1324 2007 ducem
1353 1951 1414 2007 in
1444 1948 1753 2006 itineribus
1784 1948 1962 2006 comi-

152 2036 302 2111 tato,
334 2032 526 2092 multa
558 2032 908 2092 Conradum
940 2035 1281 2110 episcopum
1309 2031 1710 2108 Lubicensem9
1748 2035 1963 2107 postea

156 2114 457 2174 Friderici
497 2118 884 2193 imperatoris
916 2115 1348 2175 cancellarium
1379 2120 1433 2173 et
1464 2117 1804 2190 episcopum
1834 2112 1964 2170 Hil-

155 2197 614 2279 densemensem,
669 2201 1143 2259 communicasse
1206 2218 1409 2258 secum
1459 2200 1583 2273 ipse
1626 2200 1959 2274 profitetur.

154 2282 378 2343 Tamen
407 2284 469 2342 in
498 2285 574 2342 iis
603 2301 836 2362 quoque
858 2302 1013 2362 quae
1044 2281 1128 2342 ad
1153 2282 1424 2341 Heinrici
1444 2282 1659 2340 Leonis
1688 2299 1963 2338 suorum-

153 2385 267 2446 que
297 2386 393 2425 res
415 2369 719 2443 pertinent
757 2373 934 2446 atque
976 2368 1038 2426 in
1082 2365 1259 2425 rebus
1302 2363 1862 2441 septentrionalibus
1902 2364 1965 2420 in

153 2448 520 2528 quibusdam
543 2452 787 2528 erravit,
805 2452 866 2509 in
890 2449 1030 2509 aliis
1059 2451 1472 2508 inaccuratius
1495 2449 1772 2523 exposuit
1777 2470 1800 2523 ,-
1826 2464 1963 2504 con-

151 2534 250 2603 fer
280 2531 354 2590 de
384 2532 696 2592 obsidione
711 2533 1115 2592 Haldcsleben
1145 2533 1181 2591 l.
1214 2532 1287 2590 ΙΙ.
1323 2551 1370 2589 c.
1400 2535 1492 2607 11,
1525 2529 1598 2588 de
1631 2529 1782 2587 bello
1813 2531 1964 2586 inter

150 2613 365 2674 Danos
396 2620 454 2673 et
479 2614 700 2674 Slavos
727 2622 893 2694 yesto
926 2614 962 2673 l.
994 2616 1098 2674 ΙΙΙ.
1134 2635 1179 2673 c.
1208 2619 1263 2673 7.
1363 2611 1858 2688 Expeditionibus
1902 2613 1964 2668 in

151 2702 380 2757 terram
421 2703 699 2757 sanctam
744 2717 784 2756 a
812 2696 1124 2756 Friderico
1155 2697 1200 2756 I.
1235 2701 1293 2755 et
1327 2697 1610 2755 Heinrico
1653 2695 1735 2752 VI.
1778 2696 1964 2764 factis

153 2799 290 2840 cum
317 2779 579 2853 Adolfus
610 2800 808 2840 comes
836 2780 1175 2858 Holsatiae,
1206 2777 1565 2854 empeditioni
1582 2776 1849 2835 Heinrici
1874 2774 1958 2833 VI.

153 2883 290 2927 cum
319 2866 443 2924 400
471 2866 586 2924 viri
616 2864 969 2923 Lubicenses
1000 2862 1329 2940 adfuerint,
1364 2859 1532 2920 haud
1552 2861 1832 2936 profecto
1865 2856 1962 2916 de-

151 2949 405 3019 fuerunt
429 2950 532 3027 qui
561 2947 770 3007 abbati
800 2967 894 3007 res
925 2946 1007 3005 ibi
1033 2951 1236 3024 qestas
1272 2947 1569 3016 referrent
1608 2947 1719 3000 aut
1758 2940 1963 2999 diaria

151 3048 269 3090 sua
300 3036 359 3090 et
383 3036 600 3090 notata
633 3030 823 3091 oculis
854 3032 980 3089 eius
1008 3030 1378 3089 subiicerent.
1423 3027 1518 3090 Εει·
1547 3026 1621 3084 iis
1635 3026 1962 3101 praecipue

151 3133 308 3193 quae
338 3113 411 3173 de
440 3116 632 3190 ipsius
659 3114 859 3187 Adolfi
904 3115 1138 3173 comitis
1182 3130 1239 3170 a.
1289 3112 1447 3172 1196
1491 3111 1672 3187 yestis
1711 3124 1961 3166 accura-

150 3199 379 3257 tissime
409 3199 667 3275 exponit,
712 3197 958 3257 testibus
989 3196 1245 3257 oculatis
1290 3213 1423 3253 eum
1465 3211 1643 3251 usum
1689 3209 1812 3249 esse
1854 3207 1958 3263 ap-

138 3286 339 3357 paret.
384 3281 604 3340 Tamen
632 3282 694 3339 in
723 3279 995 3358 sinqnlis,
1026 3299 1182 3359 quae
1208 3277 1447 3356 lonyius
1477 3280 1567 3334 est
1592 3289 1953 3346 enumerare,

95 3373 99 3375 ’
148 3367 207 3423 et
230 3364 472 3425 inscitia
503 3369 562 3424 et
585 3365 999 3424 inaccuratius
1029 3359 1378 3439 exiponendo
1411 3377 1642 3418 errores
1656 3355 1954 3432 plurimos
