2193 3641
198 202 237 258 8
459 192 805 255 ARNOLDI
852 188 1256 250 CHRONICA
1301 185 1745 248 SLAVORUM.

206 369 295 423 cet
333 362 368 419 l.
414 359 468 418 V.
504 380 551 418 e.
582 362 672 419 10.
732 394 810 402 -—
876 375 1030 415 unus
1058 355 1398 432 Fortunati,
1422 353 1649 413 scilicet
1687 352 1724 412 l.
1756 354 1802 413 I.
1838 374 1884 412 c.
1919 358 2018 416 10-

206 483 283 491 -—
331 443 555 518 Quibus
589 440 855 500 addendi
897 445 1039 499 sunt
1076 444 1297 515 septem
1352 437 1594 515 Virqilii,
1642 436 1857 515 Ovidii,
1902 438 2018 495 Lu-

208 530 345 588 cani
375 544 579 585 versus
612 528 987 584 occurrentes
1018 524 1078 581 in
1124 520 1380 598 epistola
1412 519 1680 581 Conradi
1719 519 2015 580 cancella-

206 614 280 671 rii
325 611 361 669 l.
407 608 460 667 V.
518 629 564 667 c.
601 610 698 669 20.

372 692 554 751 Hisce
593 689 864 749 omnibus
904 690 958 747 si
999 686 1313 746 addideris
1360 689 1514 746 satis
1565 706 1854 766 maqnum
1890 706 2018 746 ver·

208 796 384 837 suum
415 774 505 833 vel
535 792 739 833 versus
753 770 1204 849 particularum
1225 789 1558 848 numerum,
1590 790 1742 849 quos
1773 769 1859 829 ad
1878 789 2020 847 poe-

209 867 333 919 tam
366 863 591 917 certum
622 874 902 916 revocare
931 875 1053 914 non
1074 856 1405 931 potuimus,
1439 859 1496 911 et
1519 853 1833 929 stropham
1865 852 2025 930 Sap—

202 943 450 1020 phicam
475 941 545 1019 (l.
582 939 636 999 V.
673 961 718 998 c.
751 938 856 1017 11)
890 943 947 997 et
971 957 1180 997 versus
1211 936 1289 995 ab
1321 939 1452 1012 ipso
1475 935 1746 995 Arnoldo
1780 955 2023 1013 compo-

209 1029 378 1102 sitos,
410 1027 562 1083 inter
605 1023 867 1081 homines
897 1021 1127 1080 saeculi
1157 1020 1276 1079 XII
1301 1025 1358 1078 et
1383 1019 1530 1077 XIII
1553 1018 2021 1079 litteratissimos

213 1129 342 1168 eum
370 1105 749 1179 referendum
772 1125 896 1164 esse
925 1104 1241 1163 iudicabis.
1259 1139 1341 1147 —-
1359 1102 1738 1179 Scriptorum
1761 1108 2022 1162 veterum

213 1194 510 1251 rationem
540 1192 599 1249 in
630 1209 696 1249 eo
737 1188 986 1267 denique
1029 1188 1143 1247 sibi
1190 1188 1534 1264 assumpsit,
1576 1185 1742 1265 quod
1779 1188 2024 1264 saepius

215 1277 523 1334 orationes
554 1275 728 1332 etiam
750 1272 1052 1350 lonqiores
1082 1272 1260 1350 quasi
1280 1269 1521 1328 habitas
1551 1271 1754 1348 refert,
1786 1272 1946 1329 sicut
1971 1275 2033 1330 et

212 1356 602 1433 Helmoldus5
635 1358 742 1428 cfr.
777 1355 812 1414 l.
849 1355 903 1414 V.
939 1375 985 1413 c.
1014 1356 1111 1415 28.
1171 1353 1285 1412 VII.
1321 1373 1368 1412 c.
1403 1355 1494 1413 17.

381 1439 634 1499 Arnoldi
675 1439 996 1498 chronicon
1032 1439 1251 1514 primis
1280 1442 1430 1514 post
1462 1441 1712 1495 mortem
1763 1435 2025 1496 saeculis

207 1543 436 1602 parum
481 1529 688 1582 notum
731 1525 918 1594 fuisse
958 1521 1211 1581 videtur.
1301 1518 1604 1579 Albertum
1647 1518 2022 1598 Studensem,

214 1611 275 1667 in
316 1609 537 1666 vicinia
581 1605 879 1683 deqentem
926 1611 985 1664 et
1034 1603 1242 1664 eodem
1286 1602 1530 1662 saeculo
1575 1603 1829 1662 annales
1878 1622 2025 1663 suos

214 1690 582 1768 scribentem,
609 1709 678 1747 ea:
701 1709 766 1748 eo
797 1708 917 1748 non
944 1688 1404 1747 hausissc.certe
1426 1685 1774 1745 mirandum
1782 1710 1806 1763 ,-
1837 1706 2031 1766 neque

217 1793 350 1833 eum
398 1777 803 1851 coqnoverant
836 1771 1150 1849 Presbyter
1178 1770 1537 1848 Bremensis,
1578 1788 1764 1849 neque
1809 1775 2027 1829 auctor

219 1856 486 1915 chronici
538 1854 643 1914 der
691 1854 1158 1914 Nordelbischen
1217 1853 1462 1931 Sassen,
1529 1873 1715 1932 neque
1774 1851 2027 1932 denique

217 1944 498 1999 auctores
521 1938 936 1998 chronicorum
959 1938 1377 1997 Lubicensium
1408 1935 1730 1995 vernaculo
1753 1955 2032 1996 sermone

217 2025 598 2098 scriptorum.
688 2021 781 2080 Ea:
810 2041 925 2100 quo
957 2040 1254 2098 apparere
1283 2019 1518 2079 videtur
1547 2021 2028 2096 manuscriptum

219 2104 514 2183 oriqinale
545 2103 650 2163 diu
681 2107 738 2163 in
770 2107 1134 2163 monasterio
1167 2102 1230 2162 S.
1254 2102 1544 2162 Iohannis
1573 2101 1839 2181 latuisse,
1871 2122 2033 2182 quae

218 2190 420 2265 opinio
473 2193 684 2247 nostra
734 2190 916 2247 nimia
970 2190 1223 2247 raritate
1282 2185 1559 2245 codicum
1617 2188 2029 2266 antiquiorum

219 2271 817 2330 membranaceorum
845 2270 1022 2330 valde
1053 2274 1463 2344 confirmatur.

384 2354 642 2432 Primus,
674 2360 740 2412 ut
766 2353 1013 2432 videtur,
1047 2356 1148 2434 qui
1180 2373 1332 2430 opus
1362 2372 1541 2412 suum
1569 2352 2030 2412 narrationibus

216 2436 472 2495 Arnoldi
502 2437 831 2515 ampliavit,
863 2439 986 2508 fuit
1010 2443 1225 2496 auctor
1254 2458 1287 2496 v
1306 2438 1656 2496 ersionis
1685 2436 2028 2496 Latinae

219 2519 542 2578 chronici
569 2520 1135 2598 Repqawiensis,
1189 2522 1290 2600 qui
1322 2540 1392 2579 ecc
1423 2541 1469 2579 c.
1504 2524 1553 2578 1.
1577 2522 1705 2580 28.
1738 2518 1774 2577 l.
1799 2520 1845 2578 Ι.
1877 2538 2026 2579 non·

217 2601 386 2661 nulla
409 2605 638 2679 partim
668 2603 1015 2663 verbotenus
1047 2603 1392 2682 desumpsit,
1435 2622 1591 2683 quae
1620 2600 1828 2662 videas
1858 2600 2028 2679 apud

219 2684 570 2744 Massmann
595 2706 654 2763 p.
683 2687 821 2747 423.

382 2767 532 2828 Dein
582 2771 997 2847 fraqmenta
1051 2769 1437 2829 cuiusdam
1481 2768 1815 2828 chronici
1873 2768 2028 2845 epi·

218 2869 385 2926 scop
403 2857 570 2909 atus
600 2852 1368 2931 Brandenburqensis,
1400 2871 1522 2930 qua
1552 2852 1906 2909 mentionem
1925 2852 2021 2922 fa-

220 2934 383 2990 ciunt
406 2935 907 3009 pereqrinationis
949 2935 1216 2993 Heinrici
1246 2935 1481 3011 Leonis,
1522 2953 1594 2992 ea:
1621 2931 1876 2992 Arnoldi
1905 2931 1944 2991 l.
1974 2933 2024 2991 I.

219 3032 266 3072 c.
307 3019 357 3073 1.
390 3014 663 3074 hausisse
692 3014 995 3093 videntur,
1025 3036 1077 3074 v.
1111 3015 1278 3091 apud
1307 3015 1513 3074 Riedel
1541 3035 1674 3074 nov.
1710 3013 1844 3074 cod.
1865 3013 2025 3093 dipl.

219 3095 675 3176 Brundenburq.
709 3097 807 3175 IV,
839 3102 888 3156 1.
917 3118 978 3174 p.
1007 3100 1144 3158 273.

390 3181 533 3238 Tum
562 3180 805 3239 saeculo
830 3180 975 3238 XIV
992 3183 1095 3260 qui
1121 3180 1519 3239 historiam
1566 3178 1653 3240 de
1681 3179 2024 3239 Heinrico

222 3259 318 3318 du
337 3282 409 3320 ce
438 3264 706 3341 scripsit,
740 3262 1089 3340 compilavit
1113 3263 1414 3343 quaedam
1443 3263 1795 3323 verbotenus
1824 3280 1897 3322 ex
1915 3259 2026 3320 Ar·

214 3342 418 3402 noldO.
510 3344 688 3404 Cuius
720 3351 969 3424 textum,
1011 3364 1146 3406 cum
1191 3349 1406 3407 eximio
1440 3345 1643 3406 codice
1685 3364 1819 3405 eum
1846 3362 2027 3404 usum
