2193 3641
67 274 412 335 ARNOLDI
461 274 856 335 CHRONICA
891 274 1329 336 SLAVORUM.
1403 274 1547 334 LlB.
1580 274 1671 333 v1.
1760 276 1880 335 233

70 440 442 501 Teutonicos
475 448 895 522 prosternunt⁷
937 449 1002 500 ut
1046 440 1146 500 vix
1184 440 1408 500 comite
1455 460 1594 500 cum
1638 440 1883 520 quibus-

69 527 213 585 dam
240 525 530 586 militibus
557 526 881 604 evadente,
915 524 1192 605 exceptis
1220 524 1479 605 captivis
1506 524 1885 605 septingenti

70 609 183 668 viri
215 609 417 689 gladio
450 607 790 668 interirent.

138 694 296 770 Heu,
326 693 472 770 heu,
506 700 654 773 quot
682 692 863 751 vidue
889 693 1159 772 gemitus
1183 692 1600 774 lacrimasque
1626 691 1885 752 dedere!

67 775 507 836 Deficientibus
552 796 704 836 sane
750 776 896 835 viris
944 784 1107 835 terra
1141 777 1415 857 spatiosa
1449 777 1625 859 quasi
1656 777 1886 836 inculta

73 864 367 920 manebat
407 869 468 920 et
509 859 722 940 spinas
757 869 817 919 et
846 859 1103 920 tribulos
1137 861 1498 940 germinans
1532 881 1648 921 nec
1680 870 1885 921 aratra

71 963 189 1003 nec
220 944 362 1024 iuga
397 948 580 1004 boum
610 943 935 1003 sentiebat.
997 944 1229 1004 Exinde
1263 954 1471 1005 autem
1506 965 1717 1005 comes
1752 965 1887 1025 pre-

76 1028 272 1088 dictus
307 1028 512 1087 minus
545 1036 758 1107 gratus
790 1037 956 1087 terre
1006 1048 1119 1088 sue
1164 1029 1296 1108 suin
1340 1038 1550 1111 utpote
1584 1029 1685 1110 qui
1715 1037 1886 1088 tante

73 1112 249 1171 ruine
303 1120 518 1171 auctor
574 1111 821 1171 exstitit.
912 1112 1055 1192 lpse
1103 1112 1265 1172 enim
1314 1134 1451 1173 cum
1495 1122 1723 1194 nepote
1772 1132 1886 1172 suo

71 1196 289 1256 Adolfo
314 1195 818 1275 Thietmarciam,
851 1216 970 1275 que
1001 1196 1133 1276 regi
1159 1197 1398 1256 subdita
1429 1197 1769 1276 videbatur,
1800 1196 1889 1256 in-

74 1288 371 1358 traverat⁷
399 1299 582 1360 quam
617 1278 943 1359 spoliatam
972 1300 1095 1338 non
1125 1301 1314 1360 parva
1350 1284 1500 1341 cede
1533 1279 1889 1341 affecerat1.

74 1363 207 1423 Non
250 1363 455 1423 minus
495 1383 707 1423 comes
747 1371 955 1422 autem
992 1364 1311 1445 Adolphus
1350 1365 1604 1425 insidias
1633 1385 1888 1426 suorum

73 1447 376 1507 tolerabat
400 1455 653 1527 propter
677 1449 1002 1527 quosdam,
1030 1467 1185 1528 quos
1211 1450 1473 1529 pecunia
1498 1451 1890 1528 multaverat,

77 1530 362 1591 videlicet
378 1530 735 1590 Heinricum
763 1531 1133 1610 cognomine
1161 1532 1407 1593 Busche
1423 1532 1466 1611 ²‚
1490 1554 1675 1614 quem
1702 1533 1889 1593 etiam

78 1615 458 1694 captivatum
492 1613 552 1673 in
591 1614 837 1674 vincula
870 1616 1241 1695 coniecerat,
1265 1617 1581 1696 Egconem
1616 1620 1689 1677 de
1723 1617 1892 1677 Stur-

77 1697 237 1778 gia37
276 1699 635 1758 Brunonem
666 1701 742 1758 de
784 1698 1060 1758 Tralowe
1080 1697 1120 1757 ⁴¹.
1192 1700 1249 1759 Is
1285 1703 1751 1781 congaudentes
1784 1700 1892 1778 illi⁷

77 1802 232 1861 quos
268 1802 479 1842 comes
513 1784 588 1841 de
621 1790 784 1842 terra
819 1782 1088 1842 eiecerat
1121 1791 1182 1842 et
1213 1786 1373 1865 apud
1402 1788 1623 1845 ducem
1646 1785 1894 1845 Walde-

77 1886 320 1925 marum
346 1866 405 1924 in
440 1866 593 1926 lutia
627 1866 978 1945 exulabant,
1008 1866 1297 1927 videlicet
1320 1868 1551 1929 Scacco
1586 1878 1648 1929 et
1668 1870 1891 1928 fratres

80 1950 212 2009 eius
245 1949 543 2029 Widagus
580 1958 638 2008 et
668 1950 989 2029 Radulfus7
1025 1952 1218 2030 Ubbo7
1265 1952 1567 2030 Thymmo
1602 1973 1742 2012 cum
1774 1952 1894 2011 fra-

77 2041 171 2093 tre
183 2034 574 2113 MarquardO,
593 2053 812 2093 omnes
833 2034 1594 2114 consanguineiMarcradi
1614 2034 1893 2118 prefecti,

81 2117 182 2196 qui
216 2137 251 2176 a
284 2117 507 2176 comite
537 2117 778 2197 prefato
812 2120 884 2177 de
909 2127 1073 2178 terra
1101 2118 1335 2179 eiectus
1352 2118 1400 2199 5,
1427 2120 1653 2180 ibidem
1678 2120 1739 2179 in
1769 2119 1890 2178 exi-

78 2200 160 2260 lio
192 2221 333 2260 cum
358 2220 548 2260 uxore
575 2220 710 2279 sua,
727 2200 830 2260 Ida
863 2202 1134 2282 nomine7
1159 2203 1475 2263 defecerat
1495 2238 1566 2247 —
1584 2204 1647 2262 hi
1672 2203 1892 2263 cotidie

80 2305 194 2364 per
246 2304 314 2344 se
366 2283 538 2365 ipsos
596 2292 656 2343 et
699 2305 811 2365 per
857 2285 1278 2346 internuncios
1335 2288 1622 2348 continue
1663 2287 1894 2346 zizania

81 2367 382 2427 discordie
414 2368 476 2427 in
506 2376 670 2427 terra
705 2368 948 2429 comitis
992 2370 1214 2450 prefati
1257 2371 1571 2431 seminare
1603 2391 1725 2430 non
1760 2390 1894 2430 ces-

81 2455 322 2530 sabant,
352 2450 437 2511 ita
468 2460 534 2511 ut
562 2452 685 2512 iam
709 2451 982 2513 instante
1007 2472 1267 2534 gwerra⁷
1301 2457 1602 2534 quosdam
1628 2455 1689 2514 in
1716 2474 1894 2514 suam

81 2544 327 2614 partem
375 2535 623 2595 allicere
670 2544 1080 2617 temptarent,
1119 2537 1408 2597 videlicet
1440 2538 1895 2598 Emmekonem

85 2620 159 2678 de
189 2618 468 2679 Viszowe
502 2627 564 2678 et
592 2622 930 2698 Vergotum
963 2624 1038 2681 de
1070 2619 1564 2702 Sybrandestorp
1581 2619 1621 2681 ⁶.
1670 2620 1786 2693 Qui
1818 2623 1894 2680 ad

86 2703 326 2762 emulos
378 2701 618 2762 comitis
671 2711 1066 2764 transeuntes
1124 2705 1490 2764 manifestas
1541 2703 1894 2778 inimicitias

87 2787 384 2845 adversus
419 2785 709 2846 comitem
741 2786 866 2846 iam
884 2795 1030 2847 tunc
1050 2787 1518 2848 exercereiussi
1537 2796 1695 2847 sunt.
1751 2786 1895 2860 Qui-

88 2870 230 2928 dam
270 2869 458 2928 etiam
503 2869 1016 2948 promissionibus
1062 2869 1504 2931 beneficiorum
1544 2871 1605 2930 in
1653 2879 1895 2951 partem

87 2951 351 3031 regispet
391 2953 598 3013 fratris
629 2954 1008 3014 Waldemari
1051 2953 1228 3036 duc-is
1256 2963 1399 3014 sunt
1427 2954 1722 3034 inclinati,
1768 2954 1896 3035 qui-

92 3113 133 3173 1)
180 3114 230 3158 Id
280 3116 460 3161 ineunte
507 3132 622 3161 anno
671 3117 783 3161 1201
835 3118 998 3163 factum
1047 3132 1167 3173 esse,
1232 3120 1460 3164 contendit
1503 3118 1691 3175 Usinger
1735 3135 1777 3177 p.
1820 3119 1894 3164 94.

87 3175 133 3234 2)
167 3174 406 3220 Heinricus
437 3176 613 3221 Busche
654 3179 848 3223 occurrit
881 3180 925 3223 in
968 3179 1117 3223 charta
1160 3180 1335 3225 Alberti
1378 3180 1549 3225 comitis
1588 3179 1821 3225 Holsatiae
1852 3195 1895 3225 a.

91 3236 225 3289 1209,
258 3234 422 3280 Hamb.
458 3236 592 3282 Urkb.
620 3237 655 3289 l,
682 3255 727 3282 n.
752 3238 855 3284 372.
948 3240 991 3294 3)
1024 3238 1148 3296 Eggo
1181 3243 1236 3284 de
1268 3240 1399 3285 Sture
1432 3241 1555 3284 audit
1585 3255 1746 3285 nomen
1779 3241 1808 3285 l.
1842 3239 1896 3287 V.

93 3311 131 3340 c.
164 3296 209 3339 2.
332 3296 377 3355 4)
410 3295 573 3341 Tralau
606 3299 652 3341 in
685 3299 892 3357 parochia
926 3297 1155 3344 Oldesloe.
1279 3300 1322 3356 5)
1355 3300 1407 3349 V.
1440 3315 1571 3359 supra
1604 3301 1632 3344 l.
1668 3300 1747 3345 ΙΙΙ.
1778 3315 1817 3345 c.
1853 3300 1894 3343 1.

90 3355 377 3400 Marci-adum
426 3366 646 3403 mortuum
695 3374 790 3405 esse
837 3366 938 3403 ante
984 3360 1147 3404 annum
1196 3359 1326 3405 1190.
1376 3369 1495 3419 patet
1541 3375 1593 3405 ex
1634 3359 1896 3405 Godescalci

90 3415 346 3461 Visionibus
379 3432 416 3462 c.
448 3417 524 3464 20.
706 3420 748 3477 6)
782 3421 844 3464 sic
886 3420 1026 3464 dictos
1072 3435 1096 3464 a
1129 3420 1244 3465 villis
1276 3421 1430 3466 Fissau
1472 3428 1515 3465 et
1546 3419 1823 3466 Sibberstorl'
1850 3421 1896 3464 in

92 3478 301 3535 parochia
332 3477 488 3523 Eutin.
