<?xml version="1.0" encoding="UTF-8"?>
<!DOCTYPE html PUBLIC "-//W3C//DTD XHTML 1.0 Transitional//EN"
    "http://www.w3.org/TR/xhtml1/DTD/xhtml1-transitional.dtd">
<html xmlns="http://www.w3.org/1999/xhtml" xml:lang="en" lang="en">
 <head>
  <title>
</title>
<meta http-equiv="Content-Type" content="text/html;charset=utf-8" />
  <meta name='ocr-system' content='tesseract 3.04.00' />
  <meta name='ocr-capabilities' content='ocr_page ocr_carea ocr_par ocr_line ocrx_word'/>
</head>
<body>
  <div class='ocr_page' id='page_1' title='image "arnoldichronicas00arnouoft_0012.png"; bbox 0 0 2193 3641; ppageno 0'>
   <div class='ocr_carea' id='block_1_1' title="bbox 198 189 1740 254">
    <p class='ocr_par' dir='ltr' id='par_1_1' title="bbox 198 189 1740 254">
     <span class='ocr_line' id='line_1_1' title="bbox 198 189 1740 254; baseline -0.003 -1"><span class='ocrx_word' id='word_1_1' title='bbox 198 199 232 254; x_wconf 84' lang='grc'><strong>6</strong></span> <span class='ocrx_word' id='word_1_2' title='bbox 457 191 802 251; x_wconf 76' lang='lat' dir='ltr'><strong>ARNOLDI</strong></span> <span class='ocrx_word' id='word_1_3' title='bbox 850 190 1250 251; x_wconf 86' lang='lat' dir='ltr'><strong>CHRONICA</strong></span> <span class='ocrx_word' id='word_1_4' title='bbox 1298 189 1740 251; x_wconf 85' lang='lat' dir='ltr'><strong>SLAVORUM.</strong></span> 
     </span>
    </p>
   </div>
   <div class='ocr_carea' id='block_1_2' title="bbox 195 355 2023 3257">
    <p class='ocr_par' dir='ltr' id='par_1_2' title="bbox 196 355 2007 520">
     <span class='ocr_line' id='line_1_2' title="bbox 200 355 2007 437; baseline -0.002 -19"><span class='ocrx_word' id='word_1_5' title='bbox 200 362 509 433; x_wconf 80' lang='lat' dir='ltr'><em>commisit,</em></span> <span class='ocrx_word' id='word_1_6' title='bbox 544 378 613 415; x_wconf 62' lang='lat' dir='ltr'><em>ex</em></span> <span class='ocrx_word' id='word_1_7' title='bbox 637 359 848 437; x_wconf 81' lang='lat' dir='ltr'><em>quibus</em></span> <span class='ocrx_word' id='word_1_8' title='bbox 878 357 1040 436; x_wconf 86' lang='lat' dir='ltr'><em>quod</em></span> <span class='ocrx_word' id='word_1_9' title='bbox 1071 357 1143 415; x_wconf 88' lang='lat' dir='ltr'><em>de</em></span> <span class='ocrx_word' id='word_1_10' title='bbox 1169 359 1561 416; x_wconf 81' lang='lat' dir='ltr'><em>coronatione</em></span> <span class='ocrx_word' id='word_1_11' title='bbox 1584 355 1870 415; x_wconf 84' lang='lat' dir='ltr'><em>Saladini</em></span> <span class='ocrx_word' id='word_1_12' title='bbox 1897 375 2007 416; x_wconf 89' lang='lat' dir='ltr'><em>nu-</em></span> 
     </span>
     <span class='ocr_line' id='line_1_3' title="bbox 196 440 1354 520; baseline -0.002 -20"><span class='ocrx_word' id='word_1_13' title='bbox 196 449 377 520; x_wconf 69' lang='lat' dir='ltr'><em>qatur</em></span> <span class='ocrx_word' id='word_1_14' title='bbox 403 444 780 517; x_wconf 78' lang='lat' dir='ltr'><em>potissimum</em></span> <span class='ocrx_word' id='word_1_15' title='bbox 814 443 1025 499; x_wconf 87' lang='lat' dir='ltr'><em>mirari</em></span> <span class='ocrx_word' id='word_1_16' title='bbox 1057 440 1354 499; x_wconf 84' lang='lat' dir='ltr'><em>debemus.</em></span> 
     </span>
    </p>

    <p class='ocr_par' dir='ltr' id='par_1_3' title="bbox 195 523 2023 3257">
     <span class='ocr_line' id='line_1_4' title="bbox 368 523 2010 603; baseline -0.001 -21"><span class='ocrx_word' id='word_1_17' title='bbox 368 524 686 582; x_wconf 84' lang='lat' dir='ltr'><em>Praeterea</em></span> <span class='ocrx_word' id='word_1_18' title='bbox 747 524 977 583; x_wconf 79' lang='lat' dir='ltr'><em>litteras</em></span> <span class='ocrx_word' id='word_1_19' title='bbox 1035 523 1340 603; x_wconf 83' lang='lat' dir='ltr'><em>quasdam</em></span> <span class='ocrx_word' id='word_1_20' title='bbox 1411 523 1691 582; x_wconf 85' lang='lat' dir='ltr'><em>chronico</em></span> <span class='ocrx_word' id='word_1_21' title='bbox 1759 524 2010 582; x_wconf 86' lang='lat' dir='ltr'><em>inseruit</em></span> 
     </span>
     <span class='ocr_line' id='line_1_5' title="bbox 197 604 2005 684; baseline -0.001 -18"><span class='ocrx_word' id='word_1_22' title='bbox 197 628 344 666; x_wconf 85' lang='lat' dir='ltr'><em>suae</em></span> <span class='ocrx_word' id='word_1_23' title='bbox 377 610 592 666; x_wconf 84' lang='lat' dir='ltr'><em>aetatis</em></span> <span class='ocrx_word' id='word_1_24' title='bbox 622 607 931 666; x_wconf 81' lang='lat' dir='ltr'><em>historiam</em></span> <span class='ocrx_word' id='word_1_25' title='bbox 977 613 1035 666; x_wconf 83' lang='lat' dir='ltr'><em>et</em></span> <span class='ocrx_word' id='word_1_26' title='bbox 1075 627 1170 666; x_wconf 91' lang='lat' dir='ltr'><em>res</em></span> <span class='ocrx_word' id='word_1_27' title='bbox 1213 611 1414 684; x_wconf 72' lang='lat' dir='ltr'><em>qestas</em></span> <span class='ocrx_word' id='word_1_28' title='bbox 1455 605 1842 682; x_wconf 75' lang='lat' dir='ltr'><em>illustranteS,</em></span> <span class='ocrx_word' id='word_1_29' title='bbox 1889 604 1926 664; x_wconf 85' lang='lat' dir='ltr'><em>l.</em></span> <span class='ocrx_word' id='word_1_30' title='bbox 1959 605 2005 664; x_wconf 90' lang='lat' dir='ltr'><em>I.</em></span> 
     </span>
     <span class='ocr_line' id='line_1_6' title="bbox 199 689 2009 765; baseline 0.001 -18"><span class='ocrx_word' id='word_1_31' title='bbox 199 690 450 765; x_wconf 82' lang='lat' dir='ltr'><em>capituli</em></span> <span class='ocrx_word' id='word_1_32' title='bbox 482 690 820 749; x_wconf 88' lang='lat' dir='ltr'><em>Lubicensis</em></span> <span class='ocrx_word' id='word_1_33' title='bbox 851 690 936 748; x_wconf 85' lang='lat' dir='ltr'><em>ad</em></span> <span class='ocrx_word' id='word_1_34' title='bbox 965 690 1314 748; x_wconf 85' lang='lat' dir='ltr'><em>Heinricum</em></span> <span class='ocrx_word' id='word_1_35' title='bbox 1349 689 1591 748; x_wconf 86' lang='lat' dir='ltr'><em>electum</em></span> <span class='ocrx_word' id='word_1_36' title='bbox 1623 690 2009 748; x_wconf 87' lang='lat' dir='ltr'><em>Lubicensem</em></span> 
     </span>
     <span class='ocr_line' id='line_1_7' title="bbox 199 771 2009 849; baseline 0.001 -19"><span class='ocrx_word' id='word_1_37' title='bbox 199 773 401 849; x_wconf 83' lang='lat' dir='ltr'><em>datas,</em></span> <span class='ocrx_word' id='word_1_38' title='bbox 436 773 471 830; x_wconf 90' lang='lat' dir='ltr'><em>l.</em></span> <span class='ocrx_word' id='word_1_39' title='bbox 507 774 599 831; x_wconf 87' lang='lat' dir='ltr'><em>IV.</em></span> <span class='ocrx_word' id='word_1_40' title='bbox 638 774 943 833; x_wconf 82' lang='lat' dir='ltr'><em>Clementis</em></span> <span class='ocrx_word' id='word_1_41' title='bbox 979 793 1183 849; x_wconf 86' lang='lat' dir='ltr'><em>papae</em></span> <span class='ocrx_word' id='word_1_42' title='bbox 1213 773 1315 831; x_wconf 90' lang='lat' dir='ltr'><strong><em>III.</em></strong></span> <span class='ocrx_word' id='word_1_43' title='bbox 1362 772 1679 849; x_wconf 86' lang='lat' dir='ltr'><em>epistolam</em></span> <span class='ocrx_word' id='word_1_44' title='bbox 1725 771 1810 831; x_wconf 88' lang='lat' dir='ltr'><em>ad</em></span> <span class='ocrx_word' id='word_1_45' title='bbox 1840 791 2009 848; x_wconf 69' lang='lat' dir='ltr'><em>eape-</em></span> 
     </span>
     <span class='ocr_line' id='line_1_8' title="bbox 199 854 2008 933; baseline 0.001 -20"><span class='ocrx_word' id='word_1_46' title='bbox 199 856 481 914; x_wconf 83' lang='lat' dir='ltr'><em>ditionem</em></span> <span class='ocrx_word' id='word_1_47' title='bbox 536 859 594 915; x_wconf 87' lang='lat' dir='ltr'><em>in</em></span> <span class='ocrx_word' id='word_1_48' title='bbox 650 863 871 915; x_wconf 87' lang='lat' dir='ltr'><em>terram</em></span> <span class='ocrx_word' id='word_1_49' title='bbox 921 862 1198 916; x_wconf 84' lang='lat' dir='ltr'><em>sanctam</em></span> <span class='ocrx_word' id='word_1_50' title='bbox 1244 854 1594 927; x_wconf 84' lang='lat' dir='ltr'><em>faciendam</em></span> <span class='ocrx_word' id='word_1_51' title='bbox 1651 855 2008 933; x_wconf 77' lang='lat' dir='ltr'><em>hortantem,</em></span> 
     </span>
     <span class='ocr_line' id='line_1_9' title="bbox 200 938 2010 1016; baseline 0.002 -21"><span class='ocrx_word' id='word_1_52' title='bbox 200 939 235 997; x_wconf 89' lang='lat' dir='ltr'><em>I.</em></span> <span class='ocrx_word' id='word_1_53' title='bbox 268 939 349 996; x_wconf 86' lang='lat' dir='ltr'><em>VI.</em></span> <span class='ocrx_word' id='word_1_54' title='bbox 387 938 545 998; x_wconf 82' lang='lat' dir='ltr'><em>duas</em></span> <span class='ocrx_word' id='word_1_55' title='bbox 567 939 853 998; x_wconf 84' lang='lat' dir='ltr'><em>Balduini</em></span> <span class='ocrx_word' id='word_1_56' title='bbox 884 939 957 999; x_wconf 86' lang='lat' dir='ltr'><em>de</em></span> <span class='ocrx_word' id='word_1_57' title='bbox 988 940 1163 999; x_wconf 85' lang='lat' dir='ltr'><em>rebus</em></span> <span class='ocrx_word' id='word_1_58' title='bbox 1196 960 1234 997; x_wconf 85' lang='lat' dir='ltr'><em>a</em></span> <span class='ocrx_word' id='word_1_59' title='bbox 1265 942 1699 1016; x_wconf 71' lang='lat' dir='ltr'><em>crucesiynatis</em></span> <span class='ocrx_word' id='word_1_60' title='bbox 1719 939 2010 998; x_wconf 87' lang='lat' dir='ltr'><em>Constan-</em></span> 
     </span>
     <span class='ocr_line' id='line_1_10' title="bbox 201 1021 2011 1100; baseline 0.001 -22"><span class='ocrx_word' id='word_1_61' title='bbox 201 1022 453 1097; x_wconf 82' lang='lat' dir='ltr'><em>tinopoli</em></span> <span class='ocrx_word' id='word_1_62' title='bbox 483 1026 660 1099; x_wconf 72' lang='lat' dir='ltr'><em>yestis</em></span> <span class='ocrx_word' id='word_1_63' title='bbox 691 1043 745 1081; x_wconf 90' lang='lat' dir='ltr'><em>a.</em></span> <span class='ocrx_word' id='word_1_64' title='bbox 788 1026 940 1083; x_wconf 85' lang='grc'>1203</span> <span class='ocrx_word' id='word_1_65' title='bbox 990 1029 1042 1082; x_wconf 86' lang='lat' dir='ltr'><em>et</em></span> <span class='ocrx_word' id='word_1_66' title='bbox 1094 1025 1271 1100; x_wconf 68' lang='lat'><em>1204,</em></span> <span class='ocrx_word' id='word_1_67' title='bbox 1305 1022 1342 1080; x_wconf 87' lang='lat' dir='ltr'><em>l.</em></span> <span class='ocrx_word' id='word_1_68' title='bbox 1373 1021 1485 1080; x_wconf 88' lang='lat' dir='ltr'><strong><em>VII.</em></strong></span> <span class='ocrx_word' id='word_1_69' title='bbox 1537 1021 1694 1081; x_wconf 89' lang='lat' dir='ltr'><em>duas</em></span> <span class='ocrx_word' id='word_1_70' title='bbox 1725 1022 2011 1080; x_wconf 88' lang='lat' dir='ltr'><em>Innocen-</em></span> 
     </span>
     <span class='ocr_line' id='line_1_11' title="bbox 202 1104 2010 1185; baseline 0.001 -23"><span class='ocrx_word' id='word_1_71' title='bbox 202 1108 265 1162; x_wconf 80' lang='lat' dir='ltr'><em>tii</em></span> <span class='ocrx_word' id='word_1_72' title='bbox 296 1106 398 1162; x_wconf 92' lang='lat' dir='ltr'><em>III.</em></span> <span class='ocrx_word' id='word_1_73' title='bbox 426 1126 628 1182; x_wconf 88' lang='lat' dir='ltr'><em>papae</em></span> <span class='ocrx_word' id='word_1_74' title='bbox 673 1105 755 1164; x_wconf 87' lang='lat' dir='ltr'><em>ad</em></span> <span class='ocrx_word' id='word_1_75' title='bbox 790 1106 1063 1165; x_wconf 86' lang='lat' dir='ltr'><em>Ottonem</em></span> <span class='ocrx_word' id='word_1_76' title='bbox 1093 1105 1187 1164; x_wconf 90' lang='lat' dir='ltr'><em>IV.</em></span> <span class='ocrx_word' id='word_1_77' title='bbox 1238 1125 1430 1183; x_wconf 74' lang='lat' dir='ltr'><em>reyem</em></span> <span class='ocrx_word' id='word_1_78' title='bbox 1476 1104 1696 1181; x_wconf 80' lang='lat' dir='ltr'><em>datas,-</em></span> <span class='ocrx_word' id='word_1_79' title='bbox 1746 1105 2010 1185; x_wconf 81' lang='lat' dir='ltr'><em>chartas,</em></span> 
     </span>
     <span class='ocr_line' id='line_1_12' title="bbox 195 1188 2012 1266; baseline 0.001 -21"><span class='ocrx_word' id='word_1_80' title='bbox 195 1194 440 1264; x_wconf 87' lang='lat' dir='ltr'><em>praeter</em></span> <span class='ocrx_word' id='word_1_81' title='bbox 471 1191 816 1248; x_wconf 88' lang='lat' dir='ltr'><em>monasterii</em></span> <span class='ocrx_word' id='word_1_82' title='bbox 847 1193 941 1249; x_wconf 88' lang='lat' dir='ltr'><em>sui</em></span> <span class='ocrx_word' id='word_1_83' title='bbox 970 1189 1416 1266; x_wconf 81' lang='lat' dir='ltr'><em>fundatoriam,</em></span> <span class='ocrx_word' id='word_1_84' title='bbox 1452 1191 1622 1247; x_wconf 85' lang='lat' dir='ltr'><em>cuius</em></span> <span class='ocrx_word' id='word_1_85' title='bbox 1654 1191 1790 1265; x_wconf 86' lang='lat' dir='ltr'><em>ipsa</em></span> <span class='ocrx_word' id='word_1_86' title='bbox 1829 1188 2012 1247; x_wconf 83' lang='lat' dir='ltr'><em>verba</em></span> 
     </span>
     <span class='ocr_line' id='line_1_13' title="bbox 202 1270 2014 1350; baseline 0.002 -22"><span class='ocrx_word' id='word_1_87' title='bbox 202 1271 483 1330; x_wconf 82' lang='lat' dir='ltr'><em>chronico</em></span> <span class='ocrx_word' id='word_1_88' title='bbox 531 1275 793 1350; x_wconf 89' lang='lat' dir='ltr'><em>inseruit,</em></span> <span class='ocrx_word' id='word_1_89' title='bbox 840 1276 1073 1332; x_wconf 87' lang='lat' dir='ltr'><em>novisse</em></span> <span class='ocrx_word' id='word_1_90' title='bbox 1116 1293 1237 1332; x_wconf 87' lang='lat' dir='ltr'><em>non</em></span> <span class='ocrx_word' id='word_1_91' title='bbox 1283 1271 1534 1331; x_wconf 85' lang='lat' dir='ltr'><em>videtur.</em></span> <span class='ocrx_word' id='word_1_92' title='bbox 1621 1270 2014 1331; x_wconf 84' lang='lat' dir='ltr'><em>Adiiciendae</em></span> 
     </span>
     <span class='ocr_line' id='line_1_14' title="bbox 202 1353 2014 1415; baseline 0.002 -5"><span class='ocrx_word' id='word_1_93' title='bbox 202 1353 392 1412; x_wconf 84' lang='lat' dir='ltr'><em>duae:</em></span> <span class='ocrx_word' id='word_1_94' title='bbox 425 1355 618 1413; x_wconf 85' lang='lat' dir='ltr'><em>altera</em></span> <span class='ocrx_word' id='word_1_95' title='bbox 644 1356 909 1415; x_wconf 85' lang='lat' dir='ltr'><em>Conradi</em></span> <span class='ocrx_word' id='word_1_96' title='bbox 940 1356 1289 1415; x_wconf 84' lang='lat' dir='ltr'><em>cancellarii</em></span> <span class='ocrx_word' id='word_1_97' title='bbox 1321 1355 1485 1414; x_wconf 88' lang='lat' dir='ltr'><em>electi</em></span> <span class='ocrx_word' id='word_1_98' title='bbox 1506 1354 2014 1414; x_wconf 87' lang='lat' dir='ltr'><em>Hildensemensis</em></span> 
     </span>
     <span class='ocr_line' id='line_1_15' title="bbox 203 1436 2015 1516; baseline 0.002 -22"><span class='ocrx_word' id='word_1_99' title='bbox 203 1436 287 1494; x_wconf 89' lang='lat' dir='ltr'><em>ad</em></span> <span class='ocrx_word' id='word_1_100' title='bbox 310 1437 696 1497; x_wconf 87' lang='lat' dir='ltr'><em>Herbordum</em></span> <span class='ocrx_word' id='word_1_101' title='bbox 713 1439 1257 1499; x_wconf 88' lang='lat' dir='ltr'><em>Hildensemensem</em></span> <span class='ocrx_word' id='word_1_102' title='bbox 1274 1441 1692 1515; x_wconf 86' lang='lat' dir='ltr'><em>praepositum</em></span> <span class='ocrx_word' id='word_1_103' title='bbox 1715 1438 1833 1516; x_wconf 88' lang='lat' dir='ltr'><em>„de</em></span> <span class='ocrx_word' id='word_1_104' title='bbox 1848 1443 2015 1498; x_wconf 82' lang='lat' dir='ltr'><em>statu</em></span> 
     </span>
     <span class='ocr_line' id='line_1_16' title="bbox 202 1519 2014 1600; baseline 0.002 -23"><span class='ocrx_word' id='word_1_105' title='bbox 202 1519 453 1595; x_wconf 80' lang='lat' dir='ltr'><em>Apuliae</em></span> <span class='ocrx_word' id='word_1_106' title='bbox 485 1527 543 1579; x_wconf 88' lang='lat' dir='ltr'><em>et</em></span> <span class='ocrx_word' id='word_1_107' title='bbox 570 1521 641 1580; x_wconf 86' lang='lat' dir='ltr'><em>de</em></span> <span class='ocrx_word' id='word_1_108' title='bbox 673 1523 947 1598; x_wconf 78' lang='lat' dir='ltr'><em>operibus</em></span> <span class='ocrx_word' id='word_1_109' title='bbox 977 1522 1068 1582; x_wconf 88' lang='lat' dir='ltr'><em>vel</em></span> <span class='ocrx_word' id='word_1_110' title='bbox 1098 1522 1336 1581; x_wconf 85' lang='lat' dir='ltr'><em>artibus</em></span> <span class='ocrx_word' id='word_1_111' title='bbox 1377 1521 1662 1600; x_wconf 72' lang='lat' dir='ltr'><em>Viryilii“,</em></span> <span class='ocrx_word' id='word_1_112' title='bbox 1700 1521 1886 1598; x_wconf 87' lang='lat' dir='ltr'><em>plena</em></span> <span class='ocrx_word' id='word_1_113' title='bbox 1916 1524 2014 1593; x_wconf 81' lang='lat' dir='ltr'><em>fa-</em></span> 
     </span>
     <span class='ocr_line' id='line_1_17' title="bbox 205 1602 2015 1684; baseline 0.002 -24"><span class='ocrx_word' id='word_1_114' title='bbox 205 1602 357 1661; x_wconf 87' lang='lat' dir='ltr'><em>bulis</em></span> <span class='ocrx_word' id='word_1_115' title='bbox 390 1610 447 1662; x_wconf 90' lang='lat' dir='ltr'><em>et</em></span> <span class='ocrx_word' id='word_1_116' title='bbox 474 1605 777 1665; x_wconf 86' lang='lat' dir='ltr'><em>erroribus</em></span> <span class='ocrx_word' id='word_1_117' title='bbox 787 1631 809 1683; x_wconf 87' lang='lat'><em>,-</em></span> <span class='ocrx_word' id='word_1_118' title='bbox 842 1606 1037 1665; x_wconf 89' lang='lat' dir='ltr'><em>altera</em></span> <span class='ocrx_word' id='word_1_119' title='bbox 1069 1605 1142 1665; x_wconf 87' lang='lat' dir='ltr'><em>de</em></span> <span class='ocrx_word' id='word_1_120' title='bbox 1171 1611 1335 1665; x_wconf 85' lang='lat' dir='ltr'><em>statu</em></span> <span class='ocrx_word' id='word_1_121' title='bbox 1367 1604 1611 1684; x_wconf 69' lang='lat' dir='ltr'><em>Aeyypti</em></span> <span class='ocrx_word' id='word_1_122' title='bbox 1640 1604 1730 1664; x_wconf 86' lang='lat' dir='ltr'><em>vel</em></span> <span class='ocrx_word' id='word_1_123' title='bbox 1752 1604 2015 1682; x_wconf 80' lang='lat' dir='ltr'><em>Babylo-</em></span> 
     </span>
     <span class='ocr_line' id='line_1_18' title="bbox 203 1687 2016 1767; baseline 0.002 -24"><span class='ocrx_word' id='word_1_124' title='bbox 203 1689 340 1744; x_wconf 88' lang='lat' dir='ltr'><em>niae</em></span> <span class='ocrx_word' id='word_1_125' title='bbox 393 1693 449 1745; x_wconf 88' lang='lat' dir='ltr'><em>et</em></span> <span class='ocrx_word' id='word_1_126' title='bbox 487 1693 681 1747; x_wconf 89' lang='lat' dir='ltr'><em>terrae</em></span> <span class='ocrx_word' id='word_1_127' title='bbox 724 1695 989 1767; x_wconf 88' lang='lat' dir='ltr'><em>sanctae,</em></span> <span class='ocrx_word' id='word_1_128' title='bbox 1042 1692 1270 1766; x_wconf 81' lang='lat' dir='ltr'><em>scripta</em></span> <span class='ocrx_word' id='word_1_129' title='bbox 1316 1708 1354 1746; x_wconf 91' lang='lat' dir='ltr'><em>a</em></span> <span class='ocrx_word' id='word_1_130' title='bbox 1393 1687 1777 1765; x_wconf 82' lang='lat' dir='ltr'><em>BurchardO,</em></span> <span class='ocrx_word' id='word_1_131' title='bbox 1830 1706 2016 1767; x_wconf 84' lang='lat' dir='ltr'><em>neque</em></span> 
     </span>
     <span class='ocr_line' id='line_1_19' title="bbox 204 1771 2015 1849; baseline 0.002 -22"><span class='ocrx_word' id='word_1_132' title='bbox 204 1789 343 1827; x_wconf 82' lang='lat' dir='ltr'><em>vero</em></span> <span class='ocrx_word' id='word_1_133' title='bbox 380 1771 671 1849; x_wconf 80' lang='lat' dir='ltr'><em>GerardO,</em></span> <span class='ocrx_word' id='word_1_134' title='bbox 718 1778 786 1831; x_wconf 89' lang='lat' dir='ltr'><em>ut</em></span> <span class='ocrx_word' id='word_1_135' title='bbox 818 1776 879 1831; x_wconf 88' lang='lat' dir='ltr'><em>in</em></span> <span class='ocrx_word' id='word_1_136' title='bbox 907 1771 1164 1832; x_wconf 83' lang='lat' dir='ltr'><em>Arnoldi</em></span> <span class='ocrx_word' id='word_1_137' title='bbox 1208 1772 1377 1830; x_wconf 84' lang='lat' dir='ltr'><em>libris</em></span> <span class='ocrx_word' id='word_1_138' title='bbox 1419 1773 1846 1847; x_wconf 79' lang='lat' dir='ltr'><em>manuscriptis</em></span> <span class='ocrx_word' id='word_1_139' title='bbox 1875 1791 2015 1848; x_wconf 82' lang='lat' dir='ltr'><em>per-</em></span> 
     </span>
     <span class='ocr_line' id='line_1_20' title="bbox 197 1853 2015 1933; baseline 0.003 -23"><span class='ocrx_word' id='word_1_140' title='bbox 197 1872 412 1928; x_wconf 84' lang='lat' dir='ltr'><em>peram</em></span> <span class='ocrx_word' id='word_1_141' title='bbox 444 1857 727 1930; x_wconf 85' lang='lat' dir='ltr'><em>scriptum</em></span> <span class='ocrx_word' id='word_1_142' title='bbox 771 1861 871 1933; x_wconf 90' lang='lat' dir='ltr'><em>est,</em></span> <span class='ocrx_word' id='word_1_143' title='bbox 914 1855 1262 1914; x_wconf 76' lang='lat' dir='ltr'><em>vicedomno</em></span> <span class='ocrx_word' id='word_1_144' title='bbox 1293 1853 1725 1932; x_wconf 72' lang='lat' dir='ltr'><em>Aryentinensi,</em></span> <span class='ocrx_word' id='word_1_145' title='bbox 1758 1874 1815 1913; x_wconf 91' lang='lat' dir='ltr'><em>a.</em></span> <span class='ocrx_word' id='word_1_146' title='bbox 1857 1856 2015 1917; x_wconf 84' lang='lat'>1175</span> 
     </span>
     <span class='ocr_line' id='line_1_21' title="bbox 207 1934 2020 2013; baseline 0.002 -21"><span class='ocrx_word' id='word_1_147' title='bbox 207 1934 291 1992; x_wconf 88' lang='lat' dir='ltr'><em>ad</em></span> <span class='ocrx_word' id='word_1_148' title='bbox 338 1935 783 1996; x_wconf 85' lang='lat' dir='ltr'><em>Salahadinum</em></span> <span class='ocrx_word' id='word_1_149' title='bbox 834 1938 1162 1997; x_wconf 85' lang='lat' dir='ltr'><em>soldanum</em></span> <span class='ocrx_word' id='word_1_150' title='bbox 1206 1940 1410 1996; x_wconf 80' lang='lat' dir='ltr'><em>missO.</em></span> <span class='ocrx_word' id='word_1_151' title='bbox 1499 1937 1657 1996; x_wconf 88' lang='lat' dir='ltr'><em>Num</em></span> <span class='ocrx_word' id='word_1_152' title='bbox 1693 1938 2020 2013; x_wconf 88' lang='lat' dir='ltr'><em>praeterea</em></span> 
     </span>
     <span class='ocr_line' id='line_1_22' title="bbox 204 2019 2018 2098; baseline 0.002 -23"><span class='ocrx_word' id='word_1_153' title='bbox 204 2021 382 2076; x_wconf 88' lang='lat' dir='ltr'><em>etiam</em></span> <span class='ocrx_word' id='word_1_154' title='bbox 415 2039 486 2077; x_wconf 74' lang='lat' dir='ltr'><em>esc</em></span> <span class='ocrx_word' id='word_1_155' title='bbox 514 2021 782 2091; x_wconf 80' lang='lat' dir='ltr'><em>fontibus</em></span> <span class='ocrx_word' id='word_1_156' title='bbox 813 2025 1048 2098; x_wconf 87' lang='lat' dir='ltr'><em>scriptis</em></span> <span class='ocrx_word' id='word_1_157' title='bbox 1090 2021 1377 2098; x_wconf 79' lang='lat' dir='ltr'><em>hauserit,</em></span> <span class='ocrx_word' id='word_1_158' title='bbox 1423 2039 1534 2079; x_wconf 88' lang='lat' dir='ltr'><em>suo</em></span> <span class='ocrx_word' id='word_1_159' title='bbox 1574 2023 1704 2079; x_wconf 88' lang='lat' dir='ltr'><em>iure</em></span> <span class='ocrx_word' id='word_1_160' title='bbox 1748 2019 2018 2079; x_wconf 85' lang='lat' dir='ltr'><em>dubitari</em></span> 
     </span>
     <span class='ocr_line' id='line_1_23' title="bbox 197 2103 2018 2182; baseline 0.002 -24"><span class='ocrx_word' id='word_1_161' title='bbox 197 2107 413 2178; x_wconf 85' lang='lat' dir='ltr'><em>potest,</em></span> <span class='ocrx_word' id='word_1_162' title='bbox 446 2122 630 2182; x_wconf 83' lang='lat' dir='ltr'><em>neque</em></span> <span class='ocrx_word' id='word_1_163' title='bbox 660 2107 782 2180; x_wconf 92' lang='lat' dir='ltr'><em>ipse</em></span> <span class='ocrx_word' id='word_1_164' title='bbox 807 2104 1063 2163; x_wconf 86' lang='lat' dir='ltr'><em>alicuius</em></span> <span class='ocrx_word' id='word_1_165' title='bbox 1089 2106 1405 2180; x_wconf 89' lang='lat' dir='ltr'><em>scriptoris</em></span> <span class='ocrx_word' id='word_1_166' title='bbox 1437 2106 1860 2163; x_wconf 87' lang='lat' dir='ltr'><em>auctoritatem</em></span> <span class='ocrx_word' id='word_1_167' title='bbox 1884 2103 2018 2162; x_wconf 87' lang='lat' dir='ltr'><em>lau-</em></span> 
     </span>
     <span class='ocr_line' id='line_1_24' title="bbox 207 2182 2018 2266; baseline 0.003 -26"><span class='ocrx_word' id='word_1_168' title='bbox 207 2182 330 2242; x_wconf 86' lang='lat' dir='ltr'><em>dat.</em></span> <span class='ocrx_word' id='word_1_169' title='bbox 397 2185 613 2245; x_wconf 88' lang='lat' dir='ltr'><em>Tamen</em></span> <span class='ocrx_word' id='word_1_170' title='bbox 630 2190 849 2263; x_wconf 89' lang='lat' dir='ltr'><em>paucis</em></span> <span class='ocrx_word' id='word_1_171' title='bbox 873 2187 1019 2246; x_wconf 87' lang='lat' dir='ltr'><em>Iocis</em></span> <span class='ocrx_word' id='word_1_172' title='bbox 1049 2186 1380 2246; x_wconf 85' lang='lat' dir='ltr'><em>similitudo</em></span> <span class='ocrx_word' id='word_1_173' title='bbox 1414 2185 1625 2266; x_wconf 87' lang='lat' dir='ltr'><em>aliqua</em></span> <span class='ocrx_word' id='word_1_174' title='bbox 1656 2186 2018 2246; x_wconf 84' lang='lat' dir='ltr'><em>intercedere</em></span> 
     </span>
     <span class='ocr_line' id='line_1_25' title="bbox 206 2266 2018 2348; baseline 0.003 -25"><span class='ocrx_word' id='word_1_175' title='bbox 206 2266 441 2325; x_wconf 87' lang='lat' dir='ltr'><em>videtur</em></span> <span class='ocrx_word' id='word_1_176' title='bbox 473 2272 598 2327; x_wconf 90' lang='lat' dir='ltr'><em>eius</em></span> <span class='ocrx_word' id='word_1_177' title='bbox 630 2289 763 2328; x_wconf 90' lang='lat' dir='ltr'><em>cum</em></span> <span class='ocrx_word' id='word_1_178' title='bbox 794 2271 1186 2347; x_wconf 87' lang='lat' dir='ltr'><em>scriptoribus</em></span> <span class='ocrx_word' id='word_1_179' title='bbox 1217 2272 1580 2348; x_wconf 77' lang='lat' dir='ltr'><em>coaetaneis,</em></span> <span class='ocrx_word' id='word_1_180' title='bbox 1612 2290 1769 2346; x_wconf 87' lang='lat' dir='ltr'><em>prae</em></span> <span class='ocrx_word' id='word_1_181' title='bbox 1811 2271 2018 2329; x_wconf 87' lang='lat' dir='ltr'><em>ceteris</em></span> 
     </span>
     <span class='ocr_line' id='line_1_26' title="bbox 208 2349 2019 2433; baseline 0.003 -26"><span class='ocrx_word' id='word_1_182' title='bbox 208 2369 336 2407; x_wconf 87' lang='lat' dir='ltr'><em>cum</em></span> <span class='ocrx_word' id='word_1_183' title='bbox 369 2349 516 2409; x_wconf 86' lang='lat' dir='ltr'><em>Ann.</em></span> <span class='ocrx_word' id='word_1_184' title='bbox 554 2352 1001 2413; x_wconf 85' lang='lat' dir='ltr'><em>Coloniensibus</em></span> <span class='ocrx_word' id='word_1_185' title='bbox 1031 2356 1332 2432; x_wconf 71' lang='lat' dir='ltr'><em>maximis,</em></span> <span class='ocrx_word' id='word_1_186' title='bbox 1375 2355 1477 2433; x_wconf 86' lang='lat' dir='ltr'><em>qui</em></span> <span class='ocrx_word' id='word_1_187' title='bbox 1508 2353 1585 2412; x_wconf 86' lang='lat' dir='ltr'><em>ab</em></span> <span class='ocrx_word' id='word_1_188' title='bbox 1633 2373 1690 2411; x_wconf 93' lang='lat' dir='ltr'><em>a.</em></span> <span class='ocrx_word' id='word_1_189' title='bbox 1730 2355 1888 2413; x_wconf 74' lang='lat'>1176</span> <span class='ocrx_word' id='word_1_190' title='bbox 1921 2371 2019 2412; x_wconf 88' lang='lat' dir='ltr'><em>us-</em></span> 
     </span>
     <span class='ocr_line' id='line_1_27' title="bbox 208 2433 2019 2510; baseline 0.004 -21"><span class='ocrx_word' id='word_1_191' title='bbox 208 2452 318 2510; x_wconf 88' lang='lat' dir='ltr'><em>que</em></span> <span class='ocrx_word' id='word_1_192' title='bbox 351 2433 435 2491; x_wconf 88' lang='lat' dir='ltr'><em>ad</em></span> <span class='ocrx_word' id='word_1_193' title='bbox 477 2454 533 2492; x_wconf 89' lang='lat' dir='ltr'><em>a.</em></span> <span class='ocrx_word' id='word_1_194' title='bbox 576 2439 731 2495; x_wconf 83' lang='grc'>1218</span> <span class='ocrx_word' id='word_1_195' title='bbox 779 2437 855 2495; x_wconf 84' lang='lat' dir='ltr'><em>ab</em></span> <span class='ocrx_word' id='word_1_196' title='bbox 909 2436 1116 2496; x_wconf 84' lang='lat' dir='ltr'><em>eadem</em></span> <span class='ocrx_word' id='word_1_197' title='bbox 1161 2456 1346 2496; x_wconf 91' lang='lat' dir='ltr'><em>manu</em></span> <span class='ocrx_word' id='word_1_198' title='bbox 1395 2439 1706 2496; x_wconf 85' lang='lat' dir='ltr'><em>coaetanei</em></span> <span class='ocrx_word' id='word_1_199' title='bbox 1749 2438 2019 2496; x_wconf 86' lang='lat' dir='ltr'><em>auctoris</em></span> 
     </span>
     <span class='ocr_line' id='line_1_28' title="bbox 212 2518 2020 2599; baseline 0.004 -27"><span class='ocrx_word' id='word_1_200' title='bbox 212 2518 413 2591; x_wconf 90' lang='lat' dir='ltr'><em>scripti</em></span> <span class='ocrx_word' id='word_1_201' title='bbox 441 2524 584 2575; x_wconf 91' lang='lat' dir='ltr'><em>sunt</em></span> <span class='ocrx_word' id='word_1_202' title='bbox 613 2518 803 2596; x_wconf 87' lang='lat' dir='ltr'><em>(Mon.</em></span> <span class='ocrx_word' id='word_1_203' title='bbox 827 2520 888 2579; x_wconf 89' lang='lat' dir='ltr'><em>G.</em></span> <span class='ocrx_word' id='word_1_204' title='bbox 911 2520 1023 2578; x_wconf 83' lang='lat' dir='ltr'><em>SS.</em></span> <span class='ocrx_word' id='word_1_205' title='bbox 1055 2521 1111 2580; x_wconf 88' lang='lat' dir='ltr'><em>T.</em></span> <span class='ocrx_word' id='word_1_206' title='bbox 1132 2520 1309 2579; x_wconf 90' lang='lat' dir='ltr'><em>XVII.</em></span> <span class='ocrx_word' id='word_1_207' title='bbox 1338 2541 1398 2597; x_wconf 87' lang='lat' dir='ltr'><em>p.</em></span> <span class='ocrx_word' id='word_1_208' title='bbox 1419 2520 1594 2597; x_wconf 82' lang='grc'>726).</span> <span class='ocrx_word' id='word_1_209' title='bbox 1656 2519 1751 2578; x_wconf 75' lang='lat' dir='ltr'><em>Ex</em></span> <span class='ocrx_word' id='word_1_210' title='bbox 1779 2519 2020 2599; x_wconf 85' lang='lat' dir='ltr'><em>quibus-</em></span> 
     </span>
     <span class='ocr_line' id='line_1_29' title="bbox 210 2597 2022 2682; baseline 0.004 -27"><span class='ocrx_word' id='word_1_211' title='bbox 210 2597 352 2655; x_wconf 85' lang='lat' dir='ltr'><em>dam</em></span> <span class='ocrx_word' id='word_1_212' title='bbox 383 2599 532 2658; x_wconf 87' lang='lat' dir='ltr'><em>locis</em></span> <span class='ocrx_word' id='word_1_213' title='bbox 565 2604 742 2659; x_wconf 88' lang='lat' dir='ltr'><em>etiam</em></span> <span class='ocrx_word' id='word_1_214' title='bbox 775 2602 1053 2662; x_wconf 87' lang='lat' dir='ltr'><em>chronico</em></span> <span class='ocrx_word' id='word_1_215' title='bbox 1086 2603 1353 2682; x_wconf 85' lang='lat' dir='ltr'><em>quodam</em></span> <span class='ocrx_word' id='word_1_216' title='bbox 1370 2603 1687 2662; x_wconf 72' lang='lat' dir='ltr'><em>Saxonum</em></span> <span class='ocrx_word' id='word_1_217' title='bbox 1719 2621 1865 2662; x_wconf 89' lang='lat' dir='ltr'><em>usus</em></span> <span class='ocrx_word' id='word_1_218' title='bbox 1895 2621 2022 2662; x_wconf 85' lang='lat' dir='ltr'><em>esse</em></span> 
     </span>
     <span class='ocr_line' id='line_1_30' title="bbox 209 2679 2021 2761; baseline 0.003 -24"><span class='ocrx_word' id='word_1_219' title='bbox 209 2679 458 2758; x_wconf 87' lang='lat' dir='ltr'><em>videtur,</em></span> <span class='ocrx_word' id='word_1_220' title='bbox 484 2702 666 2760; x_wconf 82' lang='lat' dir='ltr'><em>quum</em></span> <span class='ocrx_word' id='word_1_221' title='bbox 683 2688 938 2760; x_wconf 86' lang='lat' dir='ltr'><em>propius</em></span> <span class='ocrx_word' id='word_1_222' title='bbox 979 2686 1235 2746; x_wconf 88' lang='lat' dir='ltr'><em>accedat</em></span> <span class='ocrx_word' id='word_1_223' title='bbox 1255 2686 1339 2745; x_wconf 87' lang='lat' dir='ltr'><em>ad</em></span> <span class='ocrx_word' id='word_1_224' title='bbox 1363 2686 1710 2745; x_wconf 86' lang='lat' dir='ltr'><em>chronicum</em></span> <span class='ocrx_word' id='word_1_225' title='bbox 1737 2685 2021 2761; x_wconf 78' lang='lat' dir='ltr'><em>rhythmi-</em></span> 
     </span>
     <span class='ocr_line' id='line_1_31' title="bbox 211 2765 2017 2846; baseline 0.003 -26"><span class='ocrx_word' id='word_1_226' title='bbox 211 2782 340 2821; x_wconf 91' lang='lat' dir='ltr'><em>cum</em></span> <span class='ocrx_word' id='word_1_227' title='bbox 352 2765 799 2826; x_wconf 87' lang='lat' dir='ltr'><em>Brunswicense</em></span> <span class='ocrx_word' id='word_1_228' title='bbox 816 2774 873 2827; x_wconf 92' lang='lat' dir='ltr'><em>et</em></span> <span class='ocrx_word' id='word_1_229' title='bbox 886 2768 970 2827; x_wconf 89' lang='lat' dir='ltr'><em>ad</em></span> <span class='ocrx_word' id='word_1_230' title='bbox 987 2769 1334 2828; x_wconf 87' lang='lat' dir='ltr'><em>chronicum</em></span> <span class='ocrx_word' id='word_1_231' title='bbox 1352 2768 1576 2828; x_wconf 87' lang='lat' dir='ltr'><em>dictum</em></span> <span class='ocrx_word' id='word_1_232' title='bbox 1585 2768 2017 2846; x_wconf 74' lang='lat' dir='ltr'><em>Repqowiense.</em></span> 
     </span>
     <span class='ocr_line' id='line_1_32' title="bbox 211 2845 2020 2928; baseline 0.003 -25"><span class='ocrx_word' id='word_1_233' title='bbox 211 2845 470 2925; x_wconf 88' lang='lat' dir='ltr'><em>Denique</em></span> <span class='ocrx_word' id='word_1_234' title='bbox 500 2849 664 2926; x_wconf 85' lang='lat' dir='ltr'><em>quod</em></span> <span class='ocrx_word' id='word_1_235' title='bbox 693 2850 777 2908; x_wconf 87' lang='lat' dir='ltr'><em>ad</em></span> <span class='ocrx_word' id='word_1_236' title='bbox 807 2855 1301 2928; x_wconf 87' lang='lat' dir='ltr'><em>compositionem</em></span> <span class='ocrx_word' id='word_1_237' title='bbox 1331 2854 1529 2928; x_wconf 83' lang='lat' dir='ltr'><em>operis</em></span> <span class='ocrx_word' id='word_1_238' title='bbox 1574 2854 1759 2910; x_wconf 89' lang='lat' dir='ltr'><em>totius</em></span> <span class='ocrx_word' id='word_1_239' title='bbox 1789 2853 2020 2928; x_wconf 88' lang='lat' dir='ltr'><em>attinet,</em></span> 
     </span>
     <span class='ocr_line' id='line_1_33' title="bbox 209 2927 2023 3011; baseline 0.004 -28"><span class='ocrx_word' id='word_1_240' title='bbox 209 2927 554 3007; x_wconf 85' lang='lat' dir='ltr'><em>plerumque</em></span> <span class='ocrx_word' id='word_1_241' title='bbox 585 2935 765 2991; x_wconf 91' lang='lat' dir='ltr'><em>series</em></span> <span class='ocrx_word' id='word_1_242' title='bbox 789 2953 989 2992; x_wconf 90' lang='lat' dir='ltr'><em>rerum</em></span> <span class='ocrx_word' id='word_1_243' title='bbox 1016 2934 1157 2994; x_wconf 88' lang='lat' dir='ltr'><em>bene</em></span> <span class='ocrx_word' id='word_1_244' title='bbox 1189 2933 1466 2993; x_wconf 90' lang='lat' dir='ltr'><em>cohaeret</em></span> <span class='ocrx_word' id='word_1_245' title='bbox 1489 2939 1602 2991; x_wconf 86' lang='lat' dir='ltr'><em>aut</em></span> <span class='ocrx_word' id='word_1_246' title='bbox 1621 2933 2023 3011; x_wconf 62' lang='lat' dir='ltr'><em>digressiones</em></span> 
     </span>
     <span class='ocr_line' id='line_1_34' title="bbox 215 3011 2020 3093; baseline 0.005 -28"><span class='ocrx_word' id='word_1_247' title='bbox 215 3011 346 3083; x_wconf 87' lang='lat' dir='ltr'><em>ipsa</em></span> <span class='ocrx_word' id='word_1_248' title='bbox 380 3030 441 3068; x_wconf 86' lang='lat' dir='ltr'><em>re</em></span> <span class='ocrx_word' id='word_1_249' title='bbox 472 3013 716 3089; x_wconf 76' lang='lat' dir='ltr'><em>intelliyi</em></span> <span class='ocrx_word' id='word_1_250' title='bbox 739 3022 1010 3090; x_wconf 87' lang='lat' dir='ltr'><em>possunt.</em></span> <span class='ocrx_word' id='word_1_251' title='bbox 1103 3017 1234 3088; x_wconf 82' lang='lat' dir='ltr'><em>Quo</em></span> <span class='ocrx_word' id='word_1_252' title='bbox 1280 3019 1476 3093; x_wconf 71' lang='lat' dir='ltr'><em>maqis</em></span> <span class='ocrx_word' id='word_1_253' title='bbox 1522 3015 1871 3074; x_wconf 86' lang='lat' dir='ltr'><em>mirandum</em></span> <span class='ocrx_word' id='word_1_254' title='bbox 1916 3021 2020 3093; x_wconf 88' lang='lat' dir='ltr'><em>est,</em></span> 
     </span>
     <span class='ocr_line' id='line_1_35' title="bbox 215 3094 2019 3176; baseline 0.004 -28"><span class='ocrx_word' id='word_1_255' title='bbox 215 3094 421 3149; x_wconf 85' lang='lat' dir='ltr'><em>seriem</em></span> <span class='ocrx_word' id='word_1_256' title='bbox 447 3094 808 3171; x_wconf 82' lang='lat' dir='ltr'><em>quibusdam</em></span> <span class='ocrx_word' id='word_1_257' title='bbox 839 3097 987 3156; x_wconf 90' lang='lat' dir='ltr'><em>locis</em></span> <span class='ocrx_word' id='word_1_258' title='bbox 1003 3098 1188 3173; x_wconf 89' lang='lat' dir='ltr'><em>plane</em></span> <span class='ocrx_word' id='word_1_259' title='bbox 1217 3097 1512 3156; x_wconf 88' lang='lat' dir='ltr'><em>violatam</em></span> <span class='ocrx_word' id='word_1_260' title='bbox 1543 3117 1686 3176; x_wconf 89' lang='lat' dir='ltr'><em>esse,</em></span> <span class='ocrx_word' id='word_1_261' title='bbox 1711 3100 1870 3157; x_wconf 92' lang='lat' dir='ltr'><em>sicut</em></span> <span class='ocrx_word' id='word_1_262' title='bbox 1896 3096 1934 3156; x_wconf 89' lang='lat' dir='ltr'><em>l.</em></span> <span class='ocrx_word' id='word_1_263' title='bbox 1963 3096 2019 3155; x_wconf 89' lang='lat' dir='ltr'><em>V.</em></span> 
     </span>
     <span class='ocr_line' id='line_1_36' title="bbox 218 3175 2022 3257; baseline 0.004 -27"><span class='ocrx_word' id='word_1_264' title='bbox 218 3194 263 3231; x_wconf 88' lang='lat' dir='ltr'><em>c.</em></span> <span class='ocrx_word' id='word_1_265' title='bbox 306 3179 392 3234; x_wconf 80' lang='lat'><em>18.</em></span> <span class='ocrx_word' id='word_1_266' title='bbox 430 3175 464 3232; x_wconf 91' lang='lat' dir='ltr'><em>l.</em></span> <span class='ocrx_word' id='word_1_267' title='bbox 503 3177 586 3234; x_wconf 88' lang='lat' dir='ltr'><em>VI.</em></span> <span class='ocrx_word' id='word_1_268' title='bbox 622 3198 666 3235; x_wconf 90' lang='lat' dir='ltr'><em>c.</em></span> <span class='ocrx_word' id='word_1_269' title='bbox 703 3183 758 3255; x_wconf 75' lang='lat'><em>4,</em></span> <span class='ocrx_word' id='word_1_270' title='bbox 801 3180 902 3237; x_wconf 83' lang='lat' dir='ltr'><em>ubi</em></span> <span class='ocrx_word' id='word_1_271' title='bbox 930 3179 1251 3240; x_wconf 82' lang='lat' dir='ltr'><em>Absalonis</em></span> <span class='ocrx_word' id='word_1_272' title='bbox 1283 3180 1719 3257; x_wconf 82' lang='lat' dir='ltr'><em>archiepiscopi</em></span> <span class='ocrx_word' id='word_1_273' title='bbox 1747 3179 2022 3239; x_wconf 87' lang='lat' dir='ltr'><em>Lunden-</em></span> 
     </span>
    </p>
   </div>
   <div class='ocr_carea' id='block_1_3' title="bbox 212 3259 2022 3412">
    <p class='ocr_par' dir='ltr' id='par_1_4' title="bbox 212 3259 2022 3412">
     <span class='ocr_line' id='line_1_37' title="bbox 216 3259 2022 3353; baseline 0.004 -40"><span class='ocrx_word' id='word_1_274' title='bbox 216 3259 299 3314; x_wconf 92' lang='lat' dir='ltr'><em>sis</em></span> <span class='ocrx_word' id='word_1_275' title='bbox 342 3263 397 3351; x_wconf 79' lang='lat' dir='ltr'><em>et</em></span> <span class='ocrx_word' id='word_1_276' title='bbox 423 3259 718 3353; x_wconf 77' lang='lat' dir='ltr'><em>Ludolphi</em></span> <span class='ocrx_word' id='word_1_277' title='bbox 760 3261 1295 3342; x_wconf 70' lang='lat' dir='ltr'><em>Maylleburqensis</em></span> <span class='ocrx_word' id='word_1_278' title='bbox 1333 3270 1581 3323; x_wconf 87' lang='lat' dir='ltr'><em>mortem</em></span> <span class='ocrx_word' id='word_1_279' title='bbox 1626 3266 1832 3339; x_wconf 85' lang='lat' dir='ltr'><em>refert,</em></span> <span class='ocrx_word' id='word_1_280' title='bbox 1880 3268 2022 3321; x_wconf 89' lang='lat' dir='ltr'><em>tem-</em></span> 
     </span>
     <span class='ocr_line' id='line_1_38' title="bbox 212 3347 944 3412; baseline 0.011 -16"><span class='ocrx_word' id='word_1_281' title='bbox 212 3357 383 3412; x_wconf 81' lang='lat' dir='ltr'><em>poris</em></span> <span class='ocrx_word' id='word_1_282' title='bbox 413 3360 619 3401; x_wconf 78' lang='lat' dir='ltr'><em>seriem</em></span> <span class='ocrx_word' id='word_1_283' title='bbox 652 3347 944 3404; x_wconf 88' lang='lat' dir='ltr'><em>omittens.</em></span> 
     </span>
    </p>
   </div>
  </div>
 </body>
</html>
