2193 3641
270 195 349 255 26
435 192 781 254 ARNOLDI
828 191 1230 255 CHRONlCA
1274 191 1717 253 SLAVORUM
1782 190 1924 252 LlB.
1964 190 2005 251 1.

112 370 242 416 1172.
264 359 490 418 fastum
526 358 876 418 divitiatum
922 378 1176 420 suarum
1220 359 1665 452 imperatorem
1700 376 1771 419 se
1813 357 2094 417 nominat

265 477 338 486 —-
378 461 563 521 quam
598 450 809 502 tamen
854 441 1221 523 dignitatem
1262 463 1297 503 a
1330 441 1760 521 Constantino,
1807 439 2089 501 eiusdem

266 524 528 585 civitatis
549 525 897 604 fundatore,
914 534 1189 587 traxerat
1210 561 1283 570 —-
1301 534 1368 586 ut
1386 526 1671 586 osculum
1697 522 2089 586 salutationis

263 608 411 668 nulli
437 607 682 686 offerat,
718 611 829 668 sed
855 609 1207 690 quicunque
1232 609 1457 670 faciem
1485 609 1618 669 eius
1650 607 1863 668 videte
1890 626 2091 667 mere-

263 701 380 769 tur,
429 690 789 751 incurvatus
836 711 1042 771 genua
1078 693 1212 752 eius
1255 692 1589 753 osculatur
1651 691 1828 764 Quod
1861 690 2092 752 Conra-

264 777 376 834 dus
419 793 531 833 rex
574 776 649 834 ob
694 774 999 835 honoiem
1033 775 1295 835 Romani
1340 775 1585 869 imperii
1626 774 1879 834 omnino
1922 775 2092 834 dete·

263 862 556 918 stabatur.
622 858 918 951 Cumque
948 878 1059 918 rex
1098 858 1442 918 Grecorurn
1481 858 1543 917 in
1576 859 1696 918 hoc
1735 856 2092 918 consensis·

263 950 379 1019 set,
428 949 492 1000 ut
535 941 818 1000 osculum
865 941 921 1000 ei
969 940 1338 1022 porrigeret,
1391 941 1528 1022 ipso
1561 949 1773 1000 tamen
1796 942 2090 1034 sedente,

263 1044 380 1084 nec
411 1023 531 1082 hoc
563 1022 847 1083 Conrado
882 1024 1015 1104 regi
1049 1025 1295 1104 placuit.
1362 1024 1641 1084 Tandem
1675 1022 2089 1104 sapientiores

264 1128 339 1167 ex
394 1114 653 1187 utraque
711 1116 887 1187 parte
942 1106 1064 1166 hoc
1120 1106 1450 1167 consilium
1511 1108 1849 1185 dederunt,
1910 1114 1977 1166 ut
2029 1104 2089 1164 in

265 1191 440 1271 equis
486 1209 556 1249 se
599 1190 903 1269 viderent,
949 1199 1010 1249 et
1055 1191 1134 1249 ita
1171 1210 1248 1251 ex
1297 1190 1602 1271 parilitate
1642 1189 2089 1250 convenientes

263 1275 538 1332 sedendo
573 1292 643 1332 se
677 1281 738 1333 et
769 1273 1108 1334 osculando
1141 1273 1503 1333 salutarent.
1552 1273 1729 1345 Quod
1771 1282 1830 1332 et
1856 1273 2088 1331 factum

267 1365 378 1416 est.
429 1357 688 1436 Propter
717 1356 880 1416 hanc
912 1356 1099 1437 igitur
1130 1376 1386 1417 causam
1418 1357 1519 1417 vel
1553 1356 1696 1437 quia
1732 1356 1898 1416 vires
1931 1355 2090 1415 Teu·

262 1437 608 1499 ton'icorum
655 1439 983 1518 timebant,
1030 1460 1284 1500 omnem
1332 1439 1674 1500 exercitum
1708 1439 1879 1499 illum
1913 1457 2092 1520 pere-

262 1523 509 1603 grinum
559 1521 741 1582 Greci
786 1523 1205 1603 tradiderunt,
1251 1523 1592 1584 miscentes
1641 1522 1730 1582 eis
1773 1541 2090 1582 venenum

263 1608 322 1664 in
359 1605 626 1665 fontibus
656 1614 716 1665 et
748 1609 1148 1667 traducentes
1176 1627 1284 1667 eos
1309 1607 1370 1666 in
1397 1605 1896 1667 horridissimam
1919 1605 2087 1665 illam

264 1688 678 1748 solitudinem.
740 1691 815 1749 Et
841 1689 931 1749 sic
964 1689 1194 1751 misero
1226 1689 1351 1750 fine
1383 1689 1676 1750 immanis
1709 1689 1812 1753 illa
1844 1688 2092 1769 expedi-

262 1773 345 1832 tio
381 1773 582 1831 soluta
616 1780 727 1832 est.

385 1856 521 1915 Dux
551 1863 761 1915 autem
796 1857 1144 1937 procedens
1165 1857 1334 1917 venit
1360 1859 1435 1918 ad
1470 1876 1694 1916 nemus
1721 1855 2090 1932 maximum,

259 1941 424 2019 quod
471 1939 680 1998 dividit
721 1946 953 1999 terram
986 1939 1329 2000 Turcorum
1375 1949 1438 2000 et
1468 1940 1832 2000 Grecorum.
1908 1937 2087 2032 Quod

261 2021 460 2081 triduo
489 2041 629 2082 cum
657 2020 1017 2082 difficultate
1043 2023 1356 2084 transiens
1380 2024 1551 2083 venit
1575 2025 1650 2083 ad
1676 2025 1893 2082 urbem
1918 2021 2086 2101 regis

264 2105 484 2165 Grecie
539 2124 658 2186 que
713 2105 931 2165 dicitur
984 2107 1310 2166 castellum
1362 2107 1892 2183 Alamannorum,
1945 2104 2087 2185 quia

264 2207 405 2247 earn
449 2190 570 2248 dux
602 2188 973 2248 Godefridus
1028 2189 1175 2248 olim
1222 2198 1509 2250 tenuerat
1555 2199 1617 2250 et
1657 2190 1805 2249 inde
1833 2207 2088 2248 omnem

263 2271 625 2330 Turcoriam
683 2271 796 2331 sibi
841 2271 1297 2351 subiugaverat.
1380 2274 1527 2333 Inde
1586 2274 1904 2355 profectus
1951 2296 2089 2356 per·

263 2354 433 2412 venit
464 2356 537 2414 ad
572 2356 788 2413 urbem
821 2354 1252 2433 fortissimam,
1283 2376 1460 2415 muro
1496 2364 1557 2415 et
1580 2357 1850 2418 turribus
1877 2360 2087 2420 multis

265 2437 328 2495 in
369 2437 621 2510 circuitu
650 2436 1095 2497 venustissime
1123 2447 1406 2499 ornatam
1434 2448 1493 2500 et
1521 2440 1855 2501 fortissime
1879 2439 2088 2502 firma-

264 2529 416 2598 tam,
452 2540 571 2600 que
609 2521 827 2580 dicitur
851 2519 1154 2601 Anikke1,
1188 2542 1374 2601 quam
1406 2522 1568 2582 idem
1603 2523 1972 2586 Godefridus
2003 2526 2089 2585 la-

265 2605 376 2743 lbor
382 2622 414 2662 e
442 2603 630 2662 nimio
658 2613 1143 2709 expugnaveimat
1190 2605 1262 2665 Et
1287 2605 1429 2686 quia
1454 2615 1709 2688 propter
1733 2627 1912 2668 suam
1938 2606 2087 2669 fide·

289 2694 504 2745 itatem

712 2772 874 2829 omni
903 2775 993 2829 est
1016 2771 1426 2831 memorabilis
1457 2791 1582 2850 ευο,

263 2852 568 2931 dicamus,
603 2855 914 2933 quomodo
952 2856 1218 2913 eandem
1262 2857 1498 2930 urbem,
1534 2855 1675 2934 quia
1705 2854 2090 2936 inexpugna-

268 2934 403 2994 bilis
439 2945 592 3013 erat,
632 2936 848 2995 Deus
834 2956 894 2994 m
929 2956 1152 2996 manus
1188 2936 1322 2997 eius
1353 2937 1689 2998 tradiderit.

398 3023 487 3077 11.
528 3017 859 3076 Incidentia
891 3017 964 3077 de
994 3018 1145 3079 duce
1169 3019 1522 3091 GodefridO.
1582 3022 1736 3082 Cum
1761 3020 1862 3081 diu
1888 3021 2088 3082 Gode·

272 3097 321 3155 fr
327 3099 495 3158 idus
481 3120 539 3157 1n
561 3101 877 3160 obsidione
905 3102 1071 3162 urbis
1097 3103 1448 3163 laborasset
1474 3112 1535 3164 et
1560 3104 1870 3165 exercitus
1896 3103 2084 3163 nimia

269 3181 434 3240 fame
477 3191 925 3263 attenuaretur,
973 3185 1054 3244 ita
1101 3195 1168 3245 ut
1209 3206 1430 3246 omnes
1476 3187 1606 3247 fere
1656 3188 1797 3268 equi
1829 3195 1891 3248 et
1921 3186 2086 3267 quic-

269 3264 408 3344 quid
447 3266 754 3327 habebant
791 3288 990 3348 usque
1032 3271 1105 3328 ad
1155 3269 1485 3349 corrigiam
1532 3270 2082 3330 calciamentorum

273 3374 312 3432 1)
345 3375 431 3420 Ani
438 3377 492 3420 ko
527 3378 568 3419 iu
576 3385 643 3422 xta
679 3378 832 3423 Helles
812 3395 921 3438 snpo
896 3389 1032 3425 ntum.
