2193 3641
203 155 558 216 ARNOLDI
600 155 1003 216 CHRONICA
1049 154 1492 215 SLAVORUM.
1554 156 1773 217 L1B.1.
1863 161 1939 218 33

110 321 528 417 pontificalem
576 342 715 381 cum
761 323 998 380 honore
1033 323 1334 382 deductus
1366 322 1621 382 Lubeke
1656 331 1718 382 et
1751 325 1936 383 devo·
1957 332 2089 381 1173.

107 406 349 467 tissime
384 414 714 484 susceptus
750 425 783 463 a
812 405 978 464 clero
1014 412 1076 464 et
1100 407 1175 464 ab
1202 404 1372 464 omni
1398 406 1648 486 populo,
1694 405 1889 466 Inde
1874 428 1934 466 m

107 489 427 549 nativitate
461 488 625 548 beati
656 488 951 548 Iohannis
986 488 1255 568 baptiste
1285 498 1578 569 presente
1612 492 1767 550 duce
1795 509 1936 550 con·

105 581 387 633 secratus
439 580 536 631 est
582 592 617 630 a
663 574 891 631 domno
938 572 1199 632 Walone
1247 572 1740 652 Havelbergensi
1798 582 1858 632 et
1897 594 1932 633 a

102 659 328 716 domno
372 655 719 714 Evermodo
767 655 1270 735 Racesburgensi
1319 665 1380 714 et
1425 676 1458 714 a
1507 659 1734 715 domno
1785 656 1932 715 Ber-

103 759 265 798 none
292 738 680 817 Zverinensi‚
716 746 778 798 et
808 739 1132 798 inventum
1166 747 1260 798 est
1293 738 1351 796 in
1386 747 1556 798 textu
1592 740 1925 819 euangelii,

101 824 260 903 quod
289 842 480 903 super
503 822 794 902 scapulas
821 822 1017 903 ipsius
1044 825 1389 899 tenebatur7
1423 821 1483 880 in
1511 823 1713 882 fronte
1745 824 1926 883 unius

99 907 330 986 pagine
350 929 363 964 ε
394 906 548 966 Ecce
565 905 911 983 euanyelizo
936 905 1105 965 vobis
1118 904 1414 983 qaudium
1432 925 1739 983 maynum,
1759 906 1928 984 quod

98 992 215 1048 erit
241 991 404 1048 omni
424 988 658 1064 populo
678 988 720 1066 ¹,
747 997 807 1047 et
838 989 898 1047 in
931 989 1132 1047 fronte
1165 989 1453 1048 alterius:
1519 989 1615 1047 Vir
1644 991 1837 1047 iustus
1868 995 1927 1047 et

96 1075 420 1131 timoratus
487 1077 836 1147 exspectans
889 1071 1367 1130 consolationem
1430 1071 1695 1149 Israel2,
1762 1074 1922 1151 quod

96 1155 235 1234 quia
283 1158 357 1214 de
403 1155 607 1213 futura
638 1155 833 1234 ipsius
869 1155 1347 1214 conversatione
1381 1154 1671 1214 divinitus
1716 1163 1924 1214 osten-

95 1258 233 1297 sum
298 1238 409 1316 sit7
462 1238 614 1297 satis
670 1238 1078 1297 animadverti
1137 1247 1360 1318 potest.
1445 1239 1726 1319 Denique
1779 1258 1918 1296 cum

91 1320 303 1380 multis
352 1341 386 1379 a
419 1320 685 1381 Domino
731 1321 1066 1401 insignitus
1112 1322 1296 1381 suerit
1339 1321 1537 1400 doniS,
1584 1321 1917 1401 specialius

89 1413 305 1462 tamen
354 1403 414 1461 in
461 1424 533 1461 eo
566 1404 809 1462 refulsit
843 1404 1103 1463 scientia
1136 1405 1417 1463 litteralis
1452 1424 1592 1462 cum
1630 1402 1917 1463 facundia

88 1485 419 1547 sermonis.
471 1486 547 1545 Et
571 1505 712 1544 curn
736 1486 832 1544 his
865 1486 1146 1566 plerique
1174 1484 1629 1545 evanescentes
1654 1486 1715 1544 in
1751 1486 1917 1566 cogi-

88 1569 422 1630 tationibus
471 1569 600 1630 suis
636 1569 836 1662 magis
879 1571 953 1628 ad
987 1569 1409 1649 arrogantiam
1444 1578 1694 1628 utantur
1727 1590 1914 1649 quarn

89 1656 163 1713 ad
211 1651 704 1729 edificationem
745 1654 882 1733 ipse
927 1615 1169 1712 tamenn
1187 1653 1249 1712 in
1298 1655 1517 1713 eadem
1565 1652 1914 1712 humilitate

87 1737 459 1829 permansit
493 1756 748 1831 semper
778 1739 1038 1796 devotus
1064 1737 1194 1796 Deo
1232 1746 1291 1797 et
1322 1736 1778 1817 gloriosissime
1810 1756 1918 1830 ge-

90 1819 289 1878 nitiici
336 1819 469 1878 eius
516 1819 576 1877 in
611 1819 877 1897 ieiuniis7
925 1819 985 1877 in
1022 1820 1267 1899 vigiliis
1305 1821 1362 1879 in
1397 1820 1812 1899 abstinentiis⁷
1854 1821 1916 1878 in

89 1901 492 1979 orationibus⁷
539 1902 598 1960 in
648 1902 1133 1962 elemosinaium
1178 1886 1490 1983 largitate
1537 1904 1622 1962 ita
1668 1912 1733 1961 ut
1766 1922 1913 1962 vere

88 1988 164 2045 de
210 1985 345 2067 ipso
389 1985 592 2044 dicere
626 1986 974 2066 possimus:
1048 1985 1143 2045 Vir
1187 1988 1379 2045 iustus
1411 1992 1469 2045 et
1496 1989 1821 2046 timoratus
1854 1995 1916 2045 et

88 2078 317 2129 cetera.
371 2069 435 2128 ln
470 2069 892 2149 predicatione
920 2077 1128 2129 autem
1160 2070 1332 2130 verbi
1353 2069 1467 2129 Dei
1503 2071 1585 2128 ita
1613 2069 1916 2149 singulari

89 2154 355 2233 quadam
396 2153 790 2232 prerogativa
826 2153 1123 2233 fulgebat,
1161 2161 1227 2211 ut
1264 2173 1451 2212 nemo
1480 2161 1609 2211 tam
1651 2172 1913 2211 saxeum

86 2245 306 2316 pectus
360 2236 656 2316 haberet,
713 2237 858 2317 quin
900 2239 974 2296 ad
1019 2236 1151 2296 eius
1195 2235 1558 2296 dulcissima
1599 2238 1788 2295 verba
1838 2236 1913 2294 ad

87 2319 635 2400 compunctionem
691 2320 793 2380 vel
847 2320 1030 2380 etiam
1088 2322 1164 2379 ad
1206 2319 1499 2380 lacrimas
1543 2320 1915 2380 traheretur.

86 2402 245 2461 Nam
270 2403 757 2483 profundissima
785 2403 1231 2484 scripturarum
1257 2403 1340 2463 ita
1367 2403 1751 2483 planissimis
1777 2422 1916 2461 ver-

85 2484 179 2543 bis
214 2489 581 2564 exponendo
615 2486 1004 2566 dilucidabat‚
1050 2495 1115 2546 ut
1154 2487 1459 2546 occultam
1495 2506 1713 2546 earum
1747 2485 1914 2545 simi-

88 2566 365 2658 laginem
400 2570 475 2627 de
502 2570 661 2628 mte1
667 2590 760 2629 ms
786 2570 1130 2630 visceribus
1158 2569 1414 2629 eliciens
1443 2589 1664 2629 omnes
1692 2567 1915 2627 dulcis-

88 2649 246 2708 simo
288 2669 451 2728 pane
489 2651 659 2710 verbi
690 2652 803 2711 Dei
835 2651 1144 2731 reficeret,
1189 2653 1273 2712 ita
1306 2661 1372 2712 ut
1403 2653 1696 2733 gaudium
1744 2650 1915 2710 omni

87 2731 316 2812 populo
351 2752 475 2791 non
510 2734 820 2793 modicum
856 2736 1088 2794 mellita
1124 2736 1256 2796 eius
1290 2736 1564 2795 doctrina
1598 2735 1854 2794 faceret.

210 2814 340 2874 Nec
381 2816 693 2876 tediosum
741 2816 821 2875 sit
850 2816 1096 2876 karitati
1143 2827 1352 2879 vestre
1387 2819 1619 2897 audire7
1667 2817 1834 2908 quid·
1842 2818 1916 2875 de

88 2897 466 2958 beatitudine
519 2898 717 2980 ipsius
773 2898 959 2959 simul
1006 2909 1067 2959 et
1119 2904 1195 2961 de
1241 2901 1405 2961 fideli
1453 2901 1728 2961 doctrina
1782 2898 1917 2958 eius

91 2982 462 3076 quibusdam
505 2983 675 3044 Deus
708 2983 1098 3042 revelaverit,
1169 2984 1455 3056 Quodam
1492 2993 1776 3076 tempore
1812 3000 1920 3040 ne-

94 3064 281 3143 gotiis
315 3065 705 3146 exigentibus
730 3066 1014 3126 transivit
1039 3068 1445 3149 Thuringiam
1479 3077 1539 3128 et
1563 3063 1922 3147 hospitandi

95 3149 298 3227 gratia
345 3148 590 3209 divertit
636 3153 708 3210 ad
756 3150 963 3211 locum
1010 3155 1351 3232 quendam⁷
1403 3152 1506 3232 qui
1557 3149 1923 3212 Ohterekis-

88 3231 296 3291 husen
316 3230 339 3269 ³
363 3231 599 3292 dicitur.
645 3233 774 3293 Illic
798 3234 1274 3316 religiosissime
1301 3235 1532 3296 femine
1559 3237 1672 3295 sub
1699 3232 1919 3313 regula

94 3340 134 3397 1)
169 3341 313 3388 lucas
345 3344 513 3396 11,10.
680 3347 724 3404 2)
758 3346 872 3391 Ibid.
906 3348 981 3392 25.
1148 3347 1190 3405 3)
1225 3347 1568 3468 Ichtershausgn
1601 3343 1920 3390 monasterium
