2193 3641
279 253 401 313 230
482 251 826 311 ARNOLDl
872 250 1261 312 CHRONICA
1305 249 1744 312 SLAVORUM.
1820 251 1964 315 LIB.
1993 251 2086 313 VI.

279 418 584 478 vulnerati
618 418 988 478 ceciderunt.
1039 417 1203 476 Inter
1234 416 1387 477 alios
1421 417 1612 476 frater
1643 417 1914 499 episcopi
1932 419 2086 479 Dur-

275 504 505 562 bernus
554 502 772 562 cecidit
816 511 877 562 et
915 500 1317 561 cancellarius
1349 500 1708 561 vulneratus
1741 501 1801 560 in
1834 501 2085 583 captivi·

276 594 470 645 tatem
502 584 665 644 ivit1.
727 585 948 666 Sicque
984 584 1286 664 expeditio
1312 584 1412 644 illa
1440 584 1641 644 soluta
1667 593 1779 645 est.
1831 585 2085 666 Episco-

277 690 393 749 pus
449 679 657 728 autem
704 669 763 727 in
809 668 979 749 gravi
1018 669 1293 728 custodia
1343 671 1417 728 ab
1462 668 1687 728 Ottone
1736 672 2085 748 tenebatur,

277 772 543 833 sperans
599 772 668 812 se
721 772 830 832 per
881 772 1021 811 eum
1068 752 1295 811 multos
1341 752 1616 833 captivos
1663 752 2086 833 recipere.vel

276 836 535 895 multam
590 844 830 917 partem
884 835 1127 896 Sclavie
1187 834 1530 915 possidere.
1623 835 2085 916 Aliquantulum

276 919 578 1000 temporis
622 917 898 999 fluxerat,
943 927 1005 978 et
1050 919 1380 1000 episcopus
1417 918 1476 976 in
1526 919 1801 979 custodia
1834 923 2086 980 teneba-

276 1011 393 1061 tur.
448 1004 724 1082 Cumque
756 1005 830 1062 de
863 1003 1118 1061 vulnere
1150 1010 1405 1083 accepto
1433 1009 1766 1082 egrotaret,
1796 1003 1931 1084 ipse
1965 1003 2087 1062 cal·

277 1087 437 1146 lidus
473 1096 534 1146 et
565 1095 804 1146 astutus
838 1086 1139 1146 maiorem
1172 1084 1592 1145 infirmitatem
1627 1088 1701 1145 de
1734 1106 1803 1146 se
1837 1086 2087 1146 simula-

278 1173 402 1249 bat,
451 1179 514 1229 ut
557 1170 730 1251 quasi
778 1190 845 1230 se
889 1171 1094 1251 ipsum
1139 1172 1519 1251 desperaret.
1591 1169 1862 1229 Marchio
1898 1170 2087 1250 igitur

279 1256 546 1335 quadam
579 1253 956 1313 humanitate
990 1256 1231 1332 ductus,
1261 1254 1490 1313 timens
1527 1253 1711 1312 etiam
1743 1253 2085 1333 infamiam,

277 1357 357 1398 ne
392 1338 724 1419 episcopus
764 1337 823 1396 in
867 1337 1145 1398 custodia
1185 1337 1367 1396 nimis
1402 1339 1550 1396 dura
1582 1335 1897 1418 deficeret,
1940 1357 2084 1397 eum

275 1422 698 1501 indulgentius
751 1421 978 1481 habere
1040 1420 1234 1502 cepit,
1297 1423 1590 1502 deputato
1655 1420 1770 1481 sibi
1828 1422 2083 1480 custode

278 1507 547 1585 quodam
593 1505 842 1564 Ludolfo
900 1506 1168 1564 nomine.
1262 1504 1605 1585 Episcopus
1660 1503 1846 1583 igitur
1903 1513 2088 1564 nacta

278 1588 695 1670 oportunitate
760 1609 895 1647 cum
955 1609 1065 1648 suo
1121 1591 1378 1648 custode
1433 1590 1507 1648 de
1561 1608 1672 1648 sua
1722 1587 2085 1647 liberatione

278 1681 546 1731 tractare
580 1672 757 1752 cepit.
813 1674 885 1732 Et
915 1673 1056 1752 quid
1088 1672 1309 1753 plura?
1358 1673 1626 1733 Custode
1660 1671 2086 1730 consentiente

281 1765 343 1815 et
385 1764 758 1836 cooperante
804 1755 1133 1837 episcopus
1178 1757 1253 1815 de
1299 1755 1577 1816 custodia
1620 1754 1874 1835 eripitur
1919 1762 1982 1814 et
2010 1755 2087 1814 ad

280 1860 396 1899 sua
438 1840 786 1919 revertitur,
827 1849 886 1898 et
926 1840 1222 1900 Ludolfus
1265 1858 1389 1898 non
1435 1859 1627 1919 parva
1674 1840 1964 1899 mercede
1996 1857 2088 1900 re-

280 1931 661 1982 muneratur.

411 2010 504 2067 10.
567 2005 656 2065 De
706 2008 1068 2083 ezpeditione
1121 2005 1504 2065 marchionis.
1602 2003 1886 2064 Proxima
1938 2023 2086 2064 vero

282 2090 513 2167 hieme,
556 2109 677 2169 que
720 2088 940 2150 fluvios
985 2098 1046 2149 et
1081 2090 1341 2170 paludes
1374 2089 1584 2149 durius
1618 2088 2089 2166 constrinxerat,

284 2173 427 2233 Otto
448 2172 723 2232 marchio
752 2176 1089 2232 coadunato
1118 2173 1412 2251 exercitu,
1428 2172 1644 2231 Adolfo
1674 2170 1897 2231 comite
1923 2170 2091 2230 auxi-

282 2256 432 2315 lium
494 2256 763 2334 ferente,
817 2265 1006 2315 totam
1058 2256 1367 2316 Sclaviam
1428 2254 1694 2315 vastavit
1751 2274 1868 2314 nec
1925 2262 2090 2313 terre

284 2340 600 2418 Ieromari,
653 2360 772 2418 que
827 2338 1162 2399 Tribuses2
1213 2339 1461 2417 dicitur,
1525 2337 1836 2419 pepercit,
1890 2336 1974 2396 ita
2025 2345 2092 2396 ut

284 2423 487 2503 ipsam
540 2423 802 2502 Rugiam
848 2431 1190 2499 vastasset
1248 2423 1299 2482 si
1351 2421 1585 2502 glacies
1636 2421 1873 2500 stagni
1930 2420 2091 2501 quod

284 2515 485 2566 terras
520 2506 746 2584 dividit,
779 2506 976 2565 soluta
1009 2526 1128 2564 non
1163 2506 1399 2566 fuisset.
1462 2507 1632 2566 Unde
1663 2505 1917 2564 Adolfus
1953 2523 2093 2596 gra-

284 2610 429 2648 vern
462 2589 627 2668 regis
659 2589 1145 2682 indignationem
1176 2590 1426 2670 pertulit
1457 2598 1517 2648 et
1548 2591 1623 2648 de
1657 2597 1861 2647 cetero
1893 2587 2092 2667 gratie

285 2672 480 2752 ipsius
524 2673 761 2732 alienus
797 2673 1042 2732 exstitit.
1106 2673 1328 2753 Sepius
1363 2671 1527 2732 enim
1558 2691 1775 2751 regem
1819 2669 2093 2730 offende-

286 2765 399 2814 rat.
446 2763 576 2815 tum
626 2757 766 2834 quia
809 2757 1062 2816 Sclavos
1108 2757 1319 2837 sepius
1365 2757 1723 2836 impetebat,
1778 2763 1908 2813 tum
1952 2752 2094 2834 quia

292 2819 429 2897 cum
474 2840 864 2899 Waldemaro
920 2839 1211 2920 episcopo
1267 2848 1478 2898 contra
1531 2857 1673 2897 eum
1726 2839 2092 2917 quandoque

294 2921 632 2980 senserat3.

145 3014 276 3060 1199
423 3008 511 3063 11.
555 3003 642 3062 De
673 3003 1038 3080 expeditione
1067 3005 1289 3064 Kanuti
1320 3004 1404 3064 ad
1431 3003 1762 3083 Eydoram.
1815 3001 2092 3060 Instante

292 3085 478 3165 igitur
517 3086 773 3164 estate4,
819 3088 1095 3146 Kanutus
1139 3108 1247 3146 rex
1284 3097 1494 3146 contra
1539 3086 1822 3146 Adolfum
1867 3083 2094 3144 exerci-

292 3180 422 3229 tum
443 3170 813 3249 peiduxitad
839 3170 1186 3249 Egdoram
1171 3192 1229 3229 in
1256 3171 1389 3230 loco
1417 3191 1516 3251 qui
1503 3164 2092 3229 Re1noldesburch⁵

296 3320 335 3377 1)
370 3320 497 3363 Facta
529 3328 592 3363 est
625 3335 675 3363 ex
652 3322 778 3377 xiped
768 3321 843 3364 itio
876 3327 1045 3365 aestate
1077 3335 1115 3366 a.
1153 3320 1283 3367 1198.
1435 3320 1479 3377 2)
1511 3319 1586 3364 Tri
1591 3321 1716 3364 bsees
1756 3320 1874 3362 iuxta
1906 3317 2011 3360 fluvi
1971 3332 2091 3361 vium

295 3380 473 3424 Trebel.
595 3380 637 3439 3)
671 3380 722 3425 V.
756 3396 886 3439 supra
921 3382 950 3425 1.
984 3382 1038 3434 V,
1073 3397 1110 3426 c.
1148 3382 1215 3427 17.
1334 3382 1380 3438 4)
1413 3381 1516 3425 anni
1549 3395 1610 3427 sc.
1649 3378 1777 3425 1199.
1886 3378 1928 3436 5)
1961 3377 2093 3422 hodie

293 3439 572 3497 Rendsburg.
