2193 3641
146 173 493 235 ARNOLDI
541 173 938 235 CHRONlCA
984 174 1426 234 SLAVORUM.
1502 175 1643 234 LlB.
1677 176 1716 234 1.
1808 179 1879 237 31

63 340 355 421 princeps
399 339 845 399 devotissimus
892 339 953 397 in
1001 347 1220 398 ornatu
1270 342 1491 400 doinus
1537 341 1672 421 Dei,
1717 350 1782 401 ut
1827 342 2040 404 inim&

63 423 330 484 ecclesia
373 423 533 483 beati
575 421 786 499 Blasii,
830 421 931 501 qui
978 430 1074 482 est
1115 422 1175 481 in
1220 422 1646 503 Bruneswicb,
1692 425 1888 484 cerni·

63 516 191 585 tur3
236 526 421 587 quam
464 514 677 565 tamen
725 505 1204 565 adversitatibus
1251 508 1767 586 succedentibuS,
1811 510 1886 568 ad

64 609 217 669 quas
267 590 513 670 quidem
559 587 732 648 iuviti
778 588 1130 668 veniemus,
1174 590 1249 647 ad
1294 590 1530 650 libitum
1577 610 1700 650 non
1745 610 1887 650 con·

62 672 415 732 summavit.

190 772 281 831 13.
330 769 424 828 De.
463 769 744 829 electione
774 768 983 829 domni
1020 768 1292 830 Heinrici
1322 770 1562 831 abbatis
1593 774 1654 831 in
1684 770 1887 833 sedem

57 853 404 913 Lubicensis
450 852 708 912 ecclesie.
810 854 960 913 Post
1004 853 1122 912 hec
1166 873 1306 913 cum
1351 854 1412 913 in
1446 864 1652 915 castro
1683 856 1888 917 Lune-

59 939 216 1017 burg
247 937 489 1018 positus
539 945 731 1014 95591,
779 937 1063 997 adierunt
1096 957 1238 996 eum
1274 939 1554 999 canonici
1585 940 1886 1000 Lubicen·

59 1039 165 1081 ses
209 1029 531 1100 rogantes,
575 1028 641 1079 ut
681 1021 813 1080 eius
848 1020 1234 1100 providentia
1266 1020 1555 1082 idoneum
1590 1022 1650 1081 in
1699 1025 1884 1084 domo

57 1103 170 1162 Dei
225 1104 725 1184 dispensatorem
774 1104 1111 1175 haberentq
1173 1103 1491 1181 dicentes,
1535 1125 1605 1165 se
1660 1126 1888 1168 omnes

58 1186 333 1245 unanimi
382 1205 696 1245 consensu
743 1186 803 1244 in
847 1205 1185 1266 personam
1236 1186 1444 1245 domni
1477 1188 1748 1249 Heinrici
1782 1193 1885 1251 ab·

56 1268 212 1329 batis
261 1271 337 1329 de
384 1268 788 1328 Bruneswich
834 1268 1238 1347 convenisse,
1300 1279 1362 1330 et
1411 1290 1553 1331 eum
1614 1273 1887 1335 ecclesie

55 1371 169 1412 sue
227 1352 667 1433 preferendum
718 1351 1092 1412 omnimodis
1149 1363 1509 1433 exorarent,
1566 1356 1615 1415 si
1668 1365 1882 1417 tamen

53 1435 172 1495 hec
199 1455 414 1496 eorum
450 1435 662 1516 petitio
696 1435 795 1496 vel
827 1435 1177 1517 designatio
1212 1437 1347 1497 eius
1383 1439 1720 1498 consensui
1755 1459 1881 1498 non

52 1527 450 1598 repugnaret.
515 1519 750 1590 Quibus
783 1519 887 1579 ille
919 1520 1272 1601 respondit:
1326 1520 1567 1599 Fateor,
1598 1520 1883 1582 idoneam

52 1599 231 1660 valde
260 1620 387 1660 esse
406 1619 740 1676 personam
771 1608 827 1660 et
852 1604 1049 1661 virum
1069 1601 1427 1678 prudentem
1451 1609 1509 1663 et
1533 1604 1882 1683 reliyiosum

53 1689 111 1743 et
138 1685 321 1743 tritici
341 1684 503 1743 verbi
525 1683 635 1742 Dei
665 1686 954 1761 optimum
978 1690 1373 1763 eroyatorem.
1423 1686 1545 1746 Secl
1567 1691 1712 1768 quia
1735 1689 1880 1763 fide-

52 1767 278 1827 litatem
307 1769 422 1827 viri
467 1773 526 1827 et
553 1769 1028 1828 conversationis
1054 1770 1326 1846 qratiam
1354 1769 1645 1831 habemus
1676 1793 1880 1851 exper-

52 1855 197 1929 tam,
229 1849 364 1911 ideo
388 1853 695 1928 presentia
725 1853 915 1928 ipsius
945 1853 1006 1911 in
1038 1850 1220 1911 domo
1252 1859 1468 1913 nostra
1491 1854 1878 1916 Bruneswich

50 1953 173 1993 non
215 1936 343 1993 sine
378 1936 556 2013 qravi
598 1936 843 1994 iactura
884 1938 1099 1994 carere
1126 1955 1474 2012 possumus.
1542 1938 1630 1998 Ne
1675 1945 1877 2000 tamen

51 2021 214 2076 tante
244 2016 491 2077 utilitati
513 2019 817 2077 contraire
838 2017 1155 2078 videamur
1178 2025 1236 2078 et
1245 2022 1590 2097 petitionem
1616 2029 1875 2082 vestram

52 2101 273 2160 iustam
317 2106 376 2160 et
398 2100 824 2160 rationabilem
863 2101 955 2161 vel
997 2101 1199 2161 leviter
1229 2106 1569 2183 aspernari5
1615 2108 1728 2179 fiat
1753 2106 1877 2166 Do·

50 2185 196 2264 mini
244 2183 530 2244 voluntas
575 2190 634 2243 et
670 2189 891 2262 vestra,
942 2187 1254 2265 virumque
1299 2188 1696 2257 venerabilem
1741 2209 1876 2249 cum

47 2265 276 2328 honore
333 2266 419 2326 ad
474 2266 674 2327 sedem
724 2268 1029 2328 Labicane
1087 2268 1328 2329 ecclesie
1386 2269 1660 2332 deducite
1718 2280 1776 2333 et
1825 2276 1877 2333 ei

50 2367 283 2409 omnem
327 2353 718 2411 reverentiam
760 2357 818 2411 et
852 2352 1277 2412 subiectionem
1323 2354 1602 2416 exhibete.
1677 2358 1876 2417 Vene-

49 2441 192 2490 runt
230 2433 439 2514 itaque
480 2435 884 2495 Bruneswich
917 2435 1048 2497 Odo
1083 2438 1380 2514 decanus,
1421 2438 1732 2499 Arnoldus
1774 2459 1876 2499 cu-

51 2522 206 2591 stos,
238 2535 359 2575 una
393 2537 534 2576 cum
568 2517 928 2599 preposito¹
962 2518 1275 2597 Heinric0,
1309 2520 1548 2579 notario
1582 2521 1778 2600 ducis,
1811 2530 1875 2582 et

46 2596 319 2675 ingressi
353 2600 732 2680 capitolium,
773 2611 1072 2681 presente
1105 2606 1327 2663 abbate
1358 2602 1753 2683 Sigebodone
1796 2606 1871 2666 de

46 2678 565 2758 Riddageshusen
599 2692 658 2742 et
690 2684 1021 2743 Godefrido
1063 2685 1445 2766 preposito²⁷
1486 2687 1870 2748 Ansehelmo

49 2761 364 2844 preposito
383 2761 426 2840 ³7
468 2764 823 2824 detulerunt
851 2765 1090 2829 litteras
1125 2768 1392 2829 ecclesie
1425 2779 1774 2832 memorate
1806 2772 1868 2832 in

46 2847 212 2906 hunc
243 2846 531 2905 modum:

167 2944 413 3003 Fratres
459 2943 700 3004 ecclesie
733 2944 846 3004 Dei
875 2965 987 3026 que
1017 2954 1109 3008 est
1148 2950 1209 3009 in
1239 2949 1472 3010 Lubeke
1500 2970 1683 3011 sacro
1726 2971 1865 3011 con-

45 3029 242 3086 ventui
273 3029 626 3087 monasterii
653 3031 854 3089 sancti
873 3029 1078 3110 Eqidii
1110 3035 1171 3093 in
1192 3033 1577 3094 Bruneswich
1606 3033 1865 3095 salutem

46 3191 85 3249 1)
119 3190 273 3238 Sancti
307 3191 522 3251 Stephani
567 3193 611 3237 in
642 3191 819 3247 Brema,
852 3209 894 3241 v.
937 3197 1132 3256 diploma
1165 3198 1368 3244 Heinrici
1412 3199 1538 3244 ducis
1570 3214 1650 3259 per
1682 3215 1862 3246 manum

42 3253 138 3296 eius
171 3255 321 3298 datum
353 3253 665 3311 Meklenburg.
698 3252 836 3299 Urkb.
871 3254 906 3310 1,
938 3273 984 3302 n.
1022 3258 1124 3304 100.
1291 3260 1338 3320 2)
1369 3258 1560 3305 Videtur
1592 3274 1690 3306 esse
1721 3275 1863 3319 prae-

37 3312 548 3420 gosuigigwffiir'pbecensis
591 3328 736 3374 neque
767 3329 873 3361 vero
906 3314 1167 3364 Bfickensis.
1338 3320 1382 3381 3)
1417 3318 1569 3366 Sancti
1604 3318 1781 3381 Cyl-iaci
1814 3321 1861 3365 in
