2193 3641
269 259 388 316 140
472 254 819 314 ARNOLDI
866 255 1263 316 CHRONICA
1311 255 1754 316 SLAVORUM.
1814 256 1957 317 LlB.
2001 256 2094 317 lv.

265 427 339 484 ad
375 443 484 482 sua
521 442 826 482 remeare.
893 424 966 482 Et
998 422 1135 482 ideo
1170 423 1456 502 quamvis
1491 423 1802 504 expeditio
1834 423 1935 483 illa
1963 422 2097 484 sive

263 507 686 588 peregrinatio
715 509 787 565 ad
815 505 1005 565 finem
1041 506 1372 566 desiderati
1409 507 1768 567 certaminis
1803 527 1926 566 non
1959 526 2100 588 per·

265 591 528 667 venerit,
574 610 693 648 non
743 599 954 649 tamen
1000 609 1073 649 eo
1114 591 1321 651 minus
1356 593 1734 651 credendum
1770 599 1887 667 est,
1934 591 2099 671 quod

267 694 561 734 coronam
596 674 1015 733 desideratam
1049 694 1172 733 non
1197 676 1617 755 perceperint,
1644 694 1784 734 cum
1812 674 2097 755 preciosa

266 759 345 818 sit
387 759 448 817 in
487 765 827 836 conspectu
861 757 1107 815 Domini
1154 777 1326 818 mors
1370 767 1730 818 sanctorum
1776 758 1933 835 5ἰυ5,
1977 776 2098 837 que

265 842 427 923 quali
461 839 586 900 fine
621 841 966 899 claudenda
1000 840 1099 920 sit,
1132 842 1232 900 vel
1258 844 1568 922 quomodo
1597 843 1696 901 vel
1722 844 1968 922 quando
1999 841 2101 900 ad-

263 927 577 1007 inplenda⁷
614 924 771 984 sicut
820 925 931 983 Dei
959 924 1152 984 solius
1192 934 1288 984 est
1323 945 1537 1004 nosse„
1581 925 1663 985 ita
1700 925 1833 985 eius
1868 926 1943 984 de
1977 924 2102 983 sin·

265 1011 552 1090 gulorum
587 1008 825 1068 meritis
859 1007 1150 1068 iudicare.
1207 1008 1409 1068 Iustus
1438 1008 1628 1087 enim,
1654 1008 1705 1069 si
1734 1017 1932 1067 morte
1958 1027 2100 1088 pre-

266 1101 607 1174 occupatus
643 1092 847 1169 fuerit7
881 1091 939 1150 in
974 1091 1299 1171 refrigerio
1337 1092 1469 1151 erit.

397 1182 487 1238 14.
536 1175 623 1234 De
655 1174 967 1234 obsidione
997 1173 1215 1234 Accon.
1281 1176 1447 1234 Inter
1479 1176 1597 1234 hec
1631 1183 1842 1234 autem
1879 1174 2097 1233 civitas

265 1263 473 1321 Accon
535 1262 1012 1339 expugnabatur
1076 1279 1107 1317 a
1171 1258 1467 1319 militibus
1530 1258 1791 1337 Christi,
1861 1258 1962 1338 qui
2025 1277 2100 1316 ex

266 1346 553 1404 omnibus
602 1343 914 1423 gentibus7
963 1342 1236 1423 populis,
1277 1343 1556 1402 tribubus
1605 1351 1665 1400 et
1708 1341 1936 1422 linguis
1979 1341 2102 1400 illic

267 1428 508 1488 collecti
545 1435 737 1487 erant
817 1426 1018 1498 Quam
1054 1447 1251 1506 primo
1289 1428 1463 1486 Wido
1497 1447 1628 1503 rex,
1673 1446 1705 1485 a
1742 1425 2099 1519 captivitate

266 1513 527 1587 solutus7
575 1520 638 1570 ut
682 1531 872 1591 supra
917 1511 1145 1570 dictum
1197 1508 1352 1588 est1‚
1400 1530 1435 1569 a
1468 1510 1627 1587 Tyro
1665 1509 1924 1569 veniens
1958 1528 2102 1568 cum

265 1596 548 1656 ducentis
578 1594 824 1655 milibus
850 1597 1199 1654 obsederat
1246 1593 1367 1654 Sed
1396 1601 1559 1674 post
1582 1593 1849 1653 Domino
1878 1612 2102 1685 coope-

264 1689 465 1756 rante,
512 1678 749 1739 obsidio
793 1678 852 1736 in
893 1677 1253 1738 inmensum
1289 1686 1670 1736 excreverat.
1743 1676 1766 1736 1
1815 1696 1883 1736 sa
1918 1675 2076 1756 siqui

266 1766 408 1823 dem
443 1763 641 1841 Tyrus
676 1771 823 1821 tunc
855 1762 986 1822 fere
1021 1762 1153 1821 sola
1194 1760 1504 1840 lefugium
1555 1769 1687 1820 erat
1736 1698 2104 1819 ciiiistiano·

265 1868 426 1927 rum
465 1847 733 1907 faciente
767 1845 1050 1905 Conrado
1087 1844 1471 1922 marchione,
1506 1844 1607 1924 qui
1643 1864 1782 1904 eam
1818 1850 2104 1902 constan·

263 1932 509 1991 tissime
541 1933 812 1990 tenebat.
873 1930 1084 2009 Ipsum
1120 1948 1392 2009 namque
1426 1907 1595 1988 Deus
1631 1930 1704 1988 ad
1737 1930 1925 1987 robur
1947 1926 2104 1985 mili-

263 2015 348 2075 tie
396 2014 732 2074 christiane
778 2016 852 2072 ad
888 2013 1232 2094 presidium
1267 2032 1523 2072 sumum
1557 2010 1833 2071 fidelium
1865 2010 2102 2070 direxe-

264 2107 381 2175 rat
410 2098 596 2178 quiin
622 2097 759 2190 ipso
786 2106 1073 2177 tempore
1099 2095 1504 2156 desolationis
1529 2104 1694 2154 teire
1723 2103 1941 2154 sancte
1967 2113 2103 2153 ora-

265 2182 450 2241 tionis
497 2181 701 2275 gratia
758 2180 1234 2240 lherosolimam
1269 2181 1585 2257 tendebat
1635 2198 1902 2258 cumque
1937 2176 2104 2236 navi-

267 2266 368 2346 gio
421 2265 666 2325 veniret
721 2266 794 2322 de
853 2263 1075 2323 Grecia
1132 2271 1188 2323 et
1250 2263 1564 2343 applicare
1619 2262 1808 2321 vellet
1866 2263 2098 2340 Accon⁷

269 2349 563 2429 cognovit
605 2350 764 2428 quod
805 2347 1181 2408 Salhadinus
1227 2354 1419 2405 totam
1467 2345 1840 2405 obtinuisset
1869 2353 2100 2404 terram

271 2443 331 2492 et
375 2434 511 2512 ipsa
549 2432 764 2490 civitas
800 2431 854 2490 ei
885 2430 1109 2489 tradita
1144 2430 1383 2489 fuisset.
1454 2428 1531 2488 Et
1571 2429 1821 2508 fugiens
1849 2427 2104 2487 divertit

270 2518 343 2577 ad
377 2517 623 2594 T·.yrum
678 2516 754 2574 Et
784 2514 1224 2573 nichilominus
1256 2512 1546 2572 homines
1581 2511 1945 2572 Salhadini
1930 2532 1992 2569 in
2027 2530 2098 2571 ea

272 2610 469 2677 erant
502 2608 568 2658 ut
599 2598 850 2658 obsides
883 2598 997 2657 de
985 2618 1124 2678 ipsa
1151 2597 1526 2677 acciperent.
1572 2596 1793 2655 Meliol
1797 2614 1864 2654 es
1891 2603 2100 2654 autem

271 2683 534 2743 civitatis
584 2690 1043 2762 cognoscentes
1085 2684 1158 2740 de
1193 2683 1461 2740 adventu
1494 2679 1715 2760 ipsius7
1762 2679 1923 2738 clam
1957 2698 2100 2737 eum

270 2768 328 2826 in
381 2767 692 2826 civitatem
739 2774 1144 2846 receperunt
1193 2775 1253 2824 et
1294 2763 1597 2823 facientes
1643 2783 1785 2821 cum
1830 2782 1903 2821 eo
1950 2761 2102 2820 ami-

272 2851 446 2912 citias
477 2849 890 2931 principatum
929 2850 981 2908 ei
1012 2849 1275 2908 civitatis
1314 2845 1671 2906 dederunt2.
1733 2844 1851 2918 Qui
1882 2845 2101 2904 eiectis
2161 2899 2163 2907 .

273 2954 346 2993 ex
383 2954 455 2993 ea
489 2934 841 2993 hominibus
876 2932 1216 3010 Salhadini7
1250 2931 1636 2990 confortabat
1669 2928 1910 2994 animos
1944 2927 2102 2987 viro·

271 3037 410 3075 rum
461 3017 558 3097 qui
605 3018 663 3074 in
709 3037 779 3074 ea
826 3025 1022 3093 erant
1071 3034 1372 3095 reparans
1416 3013 1628 3071 ruinas
1674 3031 1995 3071 murorum
2040 3019 2101 3069 et

270 3099 530 3159 firmans
564 3099 836 3179 piesidia
867 3098 1146 3157 turrium
1209 3095 1581 3157 Salhadinus
1614 3115 1764 3155 vero
1797 3094 1856 3153 in
1890 3096 2098 3154 Accon

276 3226 316 3283 1)
353 3242 388 3270 c.
423 3227 464 3269 5.
500 3227 726 3271 Acconem
761 3225 968 3269 obsidere
1001 3225 1147 3283 coepit
1179 3239 1254 3268 rex
1287 3222 1746 3280 a.1189.Augus10.
1807 3218 2095 3266 Cs.wilken

275 3286 352 3337 lV,
385 3301 428 3343 p.
462 3287 551 3329 250
581 3303 645 3345 sq.
830 3278 876 3343 2)
911 3284 1148 3329 Conradus
1194 3285 1405 3335 marchio,
1454 3283 1686 3327 wilhelmi
1728 3282 1997 3325 marchionis
2041 3282 2098 3324 de

275 3321 597 3391 Monteferrato
632 3347 763 3399 filius,
792 3354 1024 3404 postquam
1060 3345 1344 3389 Theodoram
1377 3319 1513 3387 filiam
1547 3343 1686 3386 Isaaci
1721 3341 1880 3398 Angeli
1915 3342 1961 3383 in
1996 3354 2098 3383 ma-

277 3407 533 3450 trimonium
570 3408 705 3459 duxit,
750 3382 918 3464 Tyrum
955 3407 1132 3450 advenit
1171 3420 1210 3448 a.
1250 3404 1380 3448 1187.
1430 3418 1582 3447 mense
1627 3401 1741 3445 lulio
1774 3401 1843 3445 vel
1877 3400 2099 3457 Augusto

275 3482 410 3525 quum
447 3469 501 3512 de
535 3469 626 3525 ipsa
663 3468 889 3511 deditione
922 3467 1214 3523 cogitat-etum
1250 3481 1288 3511 v.
1330 3464 1507 3507 Wilken
1544 3461 1617 3514 lV,
1652 3478 1692 3520 p
1727 3462 1816 3504 217
1850 3476 1914 3519 sq
