2193 3641
175 190 520 252 ARNOLDI
569 190 967 252 CHRONICA
1013 189 1456 249 SLAVORUM.
1531 188 1673 249 LIB.
1721 189 1788 248 ΙΙ.
1880 190 1957 249 39

134 359 336 419 verbis
370 357 764 437 imperatoris
798 354 966 414 omni
1004 356 1241 414 honore
1285 375 1427 414 eum
1469 354 1834 434 privandum
1871 355 1958 414 iu·

131 440 432 518 dicabant,
482 449 543 498 et
574 459 749 498 reum
799 439 1196 518 imperatorie
1231 438 1578 498 maiestatis
1612 438 1956 518 proclama·

131 526 291 601 bant,
339 544 459 583 non
513 523 738 599 solum.
787 523 926 598 quia
976 532 1269 602 precepta
1317 522 1416 581 vel
1473 522 1704 580 monita
1758 521 1953 601 ipsius

127 608 540 686 despexisset.
583 607 693 664 sed
728 607 886 684 quod
921 608 993 664 ad
1028 605 1438 685 ignominiam
1474 604 1753 664 omnium
1788 604 1952 685 prin-

126 688 332 768 cipum
356 691 415 749 in
453 688 697 770 propria
735 707 876 746 eum
913 708 1182 768 persona
1218 689 1607 748 humiliatum
1643 688 1951 748 confudis-

123 780 238 831 set.
311 773 381 831 Et
411 773 510 832 alii
546 781 731 852 atque
766 771 864 830 alii
899 792 968 831 se
1000 771 1362 851 ingerentes
1398 772 1533 831 illas
1569 771 1668 830 vel
1697 771 1833 830 illas
1869 774 1943 831 ab

119 874 196 913 eo
237 854 349 914 sibi
392 856 590 915 illatas
631 854 883 914 iniurias
911 855 1234 934 conquesti
1270 856 1520 914 fuerunt
1554 864 1616 914 et
1646 854 1942 914 iustitiam

121 938 233 997 sibi
277 936 411 996 fieri
449 938 672 998 iudicio
716 938 1107 1018 imperatoris
1144 938 1714 1018 expostulaverunt.
1791 937 1942 996 Pon-

111 1018 314 1079 tifices
349 1029 490 1079 ante
525 1040 746 1080 omnes
788 1022 1194 1080 ecclesiarum
1230 1021 1678 1101 oppressiones
1714 1021 1941 1079 clama-

111 1106 279 1182 bant⁷
313 1103 543 1163 nullam
579 1105 709 1163 fere
744 1104 1073 1163 ecclesiam
1109 1112 1433 1183 expertem
1465 1124 1611 1163 esse
1637 1104 1937 1179 dicentes7

108 1206 229 1267 que
263 1186 397 1246 eius
442 1186 767 1266 direptioni
802 1207 922 1245 non
965 1186 1333 1247 subiaceret.
1406 1188 1590 1245 Facta
1625 1195 1722 1246 est
1752 1187 1938 1265 igitur

107 1269 453 1329 coniuratio
482 1270 681 1329 valida
707 1272 1007 1330 adversus
1035 1290 1195 1329 eum.
1238 1271 1434 1330 Cesar
1456 1270 1664 1349 itaque
1694 1270 1930 1347 videns³
1953 1291 2082 1337 1177.

107 1353 162 1412 ei
196 1353 509 1433 principes
543 1352 851 1412 intentare
887 1353 1140 1431 malum,
1186 1353 1381 1412 multa
1421 1373 1570 1412 usus
1605 1353 1932 1432 prudentia

103 1444 301 1495 totum
344 1437 419 1494 ad
458 1435 910 1495 deiectionem1
957 1436 1151 1517 ipsius
1200 1435 1521 1516 ingenium
1568 1436 1931 1516 impendere

105 1519 286 1599 cepit.
343 1518 991 1599 Animadvertensque
1027 1521 1182 1599 quod
1220 1520 1398 1579 facile
1431 1539 1571 1577 eum
1608 1521 1931 1577 destruere

101 1622 227 1661 non
252 1601 474 1682 possit,
507 1604 796 1661 admovet
830 1622 1048 1662 omnes
1075 1603 1405 1662 calliditate
1432 1602 1630 1678 dolos,
1664 1611 1724 1660 et
1744 1621 1930 1681 quem

103 1685 333 1744 viribus
370 1705 730 1764 expugnare
771 1684 1103 1762 diffidebat,
1151 1686 1458 1765 sapientia
1494 1687 1744 1743 admota
1780 1704 1929 1764 pau-

101 1768 272 1827 latim
339 1787 526 1826 manu
585 1767 874 1827 evincere
923 1769 1250 1847 cogitabat.
1333 1767 1785 1827 Reconciliatus
1835 1775 1929 1827 est

100 1850 290 1909 etiam
322 1859 470 1908 tunc
503 1870 663 1930 pape
686 1850 1074 1910 Alexandr02
1106 1852 1419 1910 mediante
1447 1850 1724 1931 Philippo
1752 1850 1925 1911 Colo-

101 1932 327 2011 niensi7
375 1941 437 1992 et
483 1953 650 2012 eum,
699 1934 793 1992 cui
843 1934 938 1992 diu
989 1937 1358 1994 adversatus
1408 1935 1630 2010 fuerat⁷
1670 1942 1817 1991 tunc
1863 1933 1920 1991 in

96 2035 253 2096 pace
287 2016 546 2095 recepit7
588 2024 654 2075 ut
700 2016 967 2096 undique
1007 2015 1249 2076 firmata
1298 2026 1473 2097 parte
1509 2036 1642 2094 sua,
1683 2016 1921 2075 facilius

99 2101 259 2178 quod
294 2099 542 2158 volebat
573 2097 918 2179 perficeret.

224 2184 278 2241 3.
312 2181 400 2241 De
432 2181 846 2241 diminucione
875 2185 1193 2242 scismatis.
1266 2184 1442 2242 Anno
1477 2181 1918 2241 incarnationis

94 2265 341 2324 Domini
368 2265 562 2324 nostri
587 2265 774 2324 lhesu
807 2269 981 2327 1177.
1013 2265 1291 2346 respexit
1321 2265 1621 2324 Dominus
1655 2267 1730 2324 de
1765 2266 1917 2324 solio

96 2366 209 2405 suo
258 2348 508 2407 excelso
559 2368 749 2428 super
793 2347 953 2408 filios
997 2349 1345 2425 hominum,
1390 2357 1449 2408 et
1494 2357 1665 2408 ortus
1716 2357 1812 2407 est
1858 2348 1917 2405 in

94 2430 364 2489 ecclesia
390 2429 504 2489 Dei
533 2431 664 2489 dies
694 2432 1087 2492 exultationis
1120 2432 1415 2507 etletitie‚
1448 2440 1737 2490 cessante
1770 2431 1919 2489 scis·

94 2520 261 2570 mate
310 2515 472 2591 quod
516 2512 729 2590 viginti
776 2534 974 2573 annos
1010 2515 1341 2573 ecciesiam
1377 2515 1811 2593 dissipaverat.
1857 2522 1917 2572 et

92 2593 256 2651 facta
302 2603 400 2652 est
429 2612 550 2673 pax
580 2595 741 2653 inter
770 2615 1034 2675 regnum
1072 2606 1133 2656 et
1164 2596 1581 2656 sacerdotium
1617 2606 1679 2655 et
1711 2597 1915 2655 unitas

91 2675 151 2734 in
207 2677 358 2734 sede
413 2676 776 2756 apostolica,
820 2687 882 2736 et
934 2681 1279 2737 coadunata
1335 2688 1432 2738 est
1485 2679 1751 2738 ecclesia
1800 2682 1912 2738 sub

88 2757 464 2836 Alexandra,
492 2767 552 2817 et
584 2760 817 2819 factum
851 2768 947 2819 est
969 2781 1160 2819 unum
1187 2762 1347 2820 ovile
1374 2770 1434 2820 et
1459 2781 1617 2820 unus
1645 2760 1913 2841 pastor³.

88 2840 490 2902 Mercenariis
517 2842 725 2923 itaque
753 2843 989 2921 eiectis,
1028 2843 1159 2902 veri
1185 2852 1471 2923 pastores
1498 2844 1738 2903 reversi
1771 2854 1915 2904 sunt

90 2925 166 2982 ad
201 2925 411 2984 caulas
447 2925 655 2985 ovium
690 2945 962 2985 suarum.
1028 2926 1195 2985 Inter
1226 2947 1382 3006 quos
1417 2926 1740 2986 Odelricus
1773 2927 1914 2986 Hal·

86 3008 515 3067 verstadensis
571 3008 936 3068 auctoritate
985 3009 1326 3089 apostolica
1373 3029 1668 3069 reversus
1715 3019 1810 3069 est
1851 3009 1910 3067 in

87 3091 304 3149 sedem
353 3110 551 3150 suam.
626 3091 747 3151 Sed
797 3100 860 3151 et
900 3112 1125 3152 manus
1173 3092 1543 3173 inperatoris
1595 3113 1730 3152 cum
1775 3093 1911 3173 ipso

89 3181 243 3251 erat,
290 3174 349 3231 in
384 3173 670 3234 omnibus
719 3176 1078 3235 confortans
1129 3195 1291 3235 eum.
1364 3175 1581 3236 Statim
1616 3176 1803 3255 igitur
1836 3177 1912 3235 ad

75 3298 131 3354 1)
165 3298 219 3342 V.
254 3299 405 3343 Helm.
438 3300 527 3344 1.1.
563 3316 599 3344 c.
629 3301 671 3346 7.
691 3309 781 3346 not.
886 3303 929 3358 2)
963 3301 1056 3345 Pax
1089 3303 1346 3345 confirmata
1383 3310 1446 3346 est
1481 3316 1519 3345 a.
1554 3301 1684 3345 1177.
1719 3301 1802 3346 Iul.
1835 3302 1911 3348 24.

84 3357 130 3414 3)
165 3356 244 3402 Ev.
281 3359 467 3406 lohann.
504 3360 573 3413 10,
604 3360 645 3404 6.
