2193 3641
275 276 400 337 250
482 275 830 335 ARNOLDl
875 275 1274 336 CHRONICA
1311 275 1755 335 SLAVORUM.
1827 276 1971 336 LlB.
2003 276 2096 336 VI.

123 450 254 496 1204.
274 436 387 517 die,
431 443 558 499 sine
587 440 775 500 multo
808 446 1007 500 tamen
1038 448 1388 501 nostrorum
1417 443 1730 519 sanquine,
1776 435 1947 501 tanta
1977 444 2095 514 fui-

272 543 406 582 mus
431 526 716 601 perpessi,
762 530 831 584 ut
856 527 1112 584 inimicis
1142 528 1370 585 nostris
1399 527 1459 583 in
1492 525 1883 602 obprobrium
1912 530 2093 585 verte-

269 627 491 684 remur,
534 627 792 686 quorum
833 628 905 667 ea
945 607 1041 667 die
1072 628 1228 685 pars
1263 611 1388 680 fuit
1405 629 1518 686 per
1561 613 1778 668 cuncta
1809 607 2090 687 deterior,

270 688 426 748 adeo
460 696 527 748 ut
556 696 756 749 tracta
782 693 841 749 in
873 698 1098 750 terram
1132 692 1333 751 Grecis
1356 691 1846 769 compelleremur
1876 691 2091 750 bellica

267 779 481 831 nostra
511 773 994 832 machinamenta
1024 774 1356 854 relinquere
1386 782 1443 834 et
1469 778 1690 846 infecto
1725 777 1965 852 neqotio
2005 772 2091 833 ad

267 858 466 931 ripam
491 875 839 933 coqeremur
862 856 1059 915 redire
1082 856 1424 935 adversam,
1444 878 1514 915 ea
1534 857 1647 935 die,
1671 856 2086 934 utvidebatur,

266 939 555 997 inutiliter
597 941 862 1017 fatiqati.
938 941 1291 999 Conturbati
1335 960 1476 1017 erqo
1501 940 1834 1017 plurimum
1864 946 1922 999 et
1947 959 2086 998 con-

266 1024 456 1079 territi
492 1027 549 1079 et
575 1022 812 1080 demum
844 1026 902 1081 in
932 1022 1190 1082 Domino
1228 1023 1526 1101 roborati,
1560 1022 1800 1096 definito
1833 1022 2084 1082 consilio

134 1112 244 1169 Apr.
265 1124 509 1163 rursum
540 1108 961 1164 instauramur
984 1105 1068 1164 ad
1089 1125 1365 1184 puqnam
1396 1112 1455 1165 et
1481 1112 1701 1185 quarto
1734 1106 1848 1183 die,
1883 1103 2084 1182 pridie

157 1175 226 1216 ¹²·
262 1186 409 1247 Idus
446 1188 699 1266 Aprilis,
751 1189 864 1247 hoc
916 1195 1005 1247 est
1042 1192 1201 1259 feria
1241 1188 1508 1247 secunda
1551 1195 1700 1265 post
1738 1191 2084 1266 passionem

260 1269 530 1348 Domini,
576 1273 757 1340 flante
802 1272 988 1330 borea
1032 1290 1276 1329 rursum
1316 1272 1698 1347 applicamur
1742 1270 1827 1330 ad
1856 1290 2084 1349 muroS,

262 1359 320 1413 et
344 1353 527 1412 scalis
556 1357 802 1412 navium
832 1354 1017 1413 scalis
1061 1357 1320 1413 turrium
1350 1354 1694 1433 applicatis,
1729 1374 1863 1413 cum
1895 1353 2082 1413 multo

261 1435 471 1495 labore
524 1443 873 1496 nostrorum
913 1443 968 1496 et
1001 1437 1366 1514 permultum
1412 1438 1818 1497 resistentibus
1861 1438 2081 1497 Grecis.

262 1518 385 1578 Sed
416 1540 487 1578 esc
522 1539 639 1599 quo
681 1523 954 1580 cominus
984 1520 1229 1598 qladios
1269 1540 1503 1580 sensere
1543 1526 1927 1599 nostrorum,
1962 1540 2082 1580 non

262 1601 367 1660 diu
402 1603 538 1661 belli
576 1602 822 1663 duravit
851 1623 1071 1680 anceps
1105 1609 1359 1663 eventus,
1419 1604 1550 1662 Due
1577 1603 1868 1682 siquidem
1900 1623 2083 1662 naves

261 1685 540 1763 colliqate
555 1689 810 1765 pariter,
836 1707 948 1766 que
971 1693 1212 1746 nostros
1237 1689 1568 1764 episcopoS,
1594 1686 2080 1745 Suessionensem

260 1788 334 1826 ac
361 1770 407 1826 T
404 1789 720 1848 recensem,
746 1769 1114 1848 deferebant,
1133 1790 1394 1849 quarum
1418 1775 1594 1829 erant
1611 1772 1872 1847 insiqnia
1886 1789 2080 1845 para-

213 1914 221 1921 ,
258 1850 443 1927 dysus
474 1858 531 1911 et
547 1856 890 1931 pereqrina,
928 1856 1122 1929 prime
1152 1853 1336 1912 scalis
1357 1853 1564 1912 scalas
1585 1855 1844 1911 turrium
1875 1854 2081 1930 attiqe-

257 1941 398 1993 runt
429 1941 486 1993 et
510 1935 674 2006 felici
704 1938 976 2013 auspicio
995 1939 1350 2013 pereqrinos
1366 1956 1485 2013 pro
1507 1935 1811 2012 paradiso
1848 1941 2078 1994 certan-

257 2023 341 2075 tes
363 2017 635 2076 hostibus
660 2018 1077 2078 admoverunt.
1114 2019 1320 2077 Prima
1338 2039 1547 2077 muros
1572 2021 1838 2095 optinent
1857 2017 2077 2076 vexilla

245 2103 619 2179 pontificum,
665 2104 1066 2181 ministrisque
1112 2102 1412 2161 celestium
1463 2107 1829 2160 secretorum
1869 2103 2078 2177 prima

255 2182 601 2242 conceditur
633 2184 704 2243 de
743 2185 866 2244 celo
904 2188 1176 2244 victoria.
1239 2185 1606 2243 Irruentibus
1642 2187 1824 2262 iqitur
1852 2186 2076 2243 nostris

256 2265 411 2324 cedit
443 2266 704 2326 Domino
747 2268 979 2326 iubente
1023 2267 1342 2326 multitudo
1385 2270 1618 2339 infinita
1640 2269 1968 2343 perpaucis
1999 2272 2073 2344 et,

244 2350 716 2426 propuqnacula
764 2350 1226 2428 relinquentibus
1271 2351 1492 2427 Grecis,
1536 2352 1729 2408 nostri
1779 2348 2075 2409 audacter

253 2431 537 2490 militibus
553 2439 772 2507 portas
797 2436 1089 2509 aperiunt.
1147 2434 1418 2506 Quorum
1441 2452 1575 2490 cum
1598 2435 1946 2510 imperator,
1971 2435 2075 2511 qui

251 2533 372 2572 non
403 2515 624 2590 procul
669 2535 706 2573 a
737 2518 927 2574 muris
958 2518 1018 2574 in
1049 2518 1318 2575 tentoriis
1361 2516 1570 2574 stabat
1597 2520 1891 2593 armatus,
1931 2535 2070 2574 con-

249 2599 587 2672 spicaretur
609 2601 961 2676 inqressum,
975 2602 1179 2658 statim
1202 2601 1459 2658 tentoria
1483 2598 1795 2677 dereliquit
1816 2605 1874 2657 et
1889 2601 2066 2676 fuqit.

249 2678 459 2737 Nostri
503 2680 743 2739 cedibus
783 2688 1175 2759 occupantur,
1219 2684 1430 2740 civitas
1469 2684 1708 2758 capitur
1740 2681 2068 2759 populosa,

249 2765 616 2839 recipiuntur
667 2767 726 2821 in
771 2764 1024 2839 palatiis
1065 2764 1508 2841 imperialibus,
1567 2766 1670 2842 qui
1717 2770 2069 2822 nostrorum

250 2864 416 2903 enses
447 2848 834 2923 effuyierunt,
872 2846 1178 2926 multaque
1208 2846 1349 2905 cede
1377 2849 1552 2917 facta
1585 2846 1929 2923 Grecorum,
1960 2865 2066 2904 no-

248 2930 359 2985 stri
402 2948 528 2986 sese
571 2928 941 3007 recolliqunt,
984 2929 1512 3005 advesperascente
1552 2931 1677 2986 iam
1720 2927 1841 3006 die,
1888 2948 2066 2986 arma

246 3012 394 3080 fessi
424 3009 744 3088 deponunt,
790 3010 863 3069 de
909 3013 1144 3071 assultu
1186 3015 1449 3071 crastino
1491 3013 1831 3070 tractaturi.
1906 3010 2066 3070 Suos

247 3092 544 3169 recolliqit
570 3096 900 3169 imperator
931 3100 987 3153 et
1009 3098 1341 3154 crastinam
1362 3094 1643 3153 hortatur
1665 3093 1750 3151 ad
1770 3113 2063 3172 puqnam,

247 3194 541 3251 asserens,
585 3175 748 3254 quod
786 3183 1029 3236 nostros
1060 3180 1121 3236 in
1144 3182 1441 3255 potestate
1470 3196 1628 3236 nunc
1654 3176 1879 3235 habeat
1903 3179 2063 3234 intra

245 3277 559 3315 murorum
610 3264 778 3334 septa
831 3260 1163 3319 conclusos.
1248 3259 1371 3319 Sed
1430 3266 1600 3320 nocte
1650 3259 1904 3318 latenter
1953 3257 2067 3317 dat

245 3346 413 3416 terqa
446 3340 724 3398 devictus
2176 3406 2180 3418 .-

372 3422 500 3493 Quo
535 3429 855 3499 compertO,
906 3425 1227 3482 Greeorum
1253 3425 1425 3501 plebs
1455 3427 1713 3483 attonita
1745 3421 1818 3481 de
1846 3422 2062 3482 substi-
2174 3462 2179 3524 st

2170 3531 2178 3641 ἑ
