2193 3641
96 1784 194 1827 lun.

96 1846 170 1887 29.

209 182 284 239 62
375 179 720 237 ARNOLDI
768 177 1164 240 CHRONICA
1214 178 1657 237 SLAVORUM.
1734 178 1977 238 Ltss.11.

209 354 373 403 tetra
424 345 480 402 in
530 343 776 424 pr·op1ia
815 363 1082 422 persona
1127 343 1395 401 tr-ansiie
1428 343 1669 402 Albiam
1716 344 2048 424 disposuit,

208 429 461 487 Timens
510 437 755 503 autem
799 446 876 484 ne
921 435 1060 505 post
1109 446 1250 484 eum
1298 437 1754 506 consurgerent
1798 428 2048 505 insidie7.

209 512 558 591 Philippum
607 509 1048 571 Coloniensem
1095 529 1235 566 cum
1291 510 1425 568 aliis
1476 510 1853 589 principibus
1903 529 2037 588 pre·

212 596 374 675 cepit
400 614 654 653 servare
675 594 694 631 ¹
729 593 1152 670 Bruneswich⁷
1183 593 1614 652 Bernhardum
1643 613 1789 651 vero
1816 595 2044 652 ducem

211 689 270 737 et
305 680 560 736 fratrem
607 677 740 735 eius
777 677 1111 753 Othonem7
1159 675 1573 734 marcravium
1621 679 1695 735 de
1728 677 2040 735 Branden-

210 764 425 837 burch,
461 781 601 818 cum
636 759 770 817 aliis
806 759 1182 838 principibus
1216 758 1617 819 orientalibus
1647 770 1901 840 propter
1927 760 2042 818 Lu-

210 849 687 923 nenborgenses
736 844 1054 922 deputavit
1091 842 1468 901 Bardewich.
1545 844 1684 922 lpse
1734 852 1942 902 autem
1980 844 2040 901 in

212 929 507 988 comitatu
552 929 788 985 habens
824 926 1306 984 Wichmannum
1342 927 1946 1005 Magdeburgensem
1984 936 2044 985 et

210 1016 508 1072 domnum
527 1011 1146 1088 Bavenbergensem7
1168 1012 1454 1068 abbatem
1479 1011 1876 1086 Vuldensem,
1902 1012 2046 1071 Cor-

209 1097 568 1173 beiensem7
620 1095 1172 1168 Hersveldensem.,
1220 1113 1360 1151 cum
1407 1094 1634 1152 Ottone
1683 1095 2049 1152 marchione

211 1182 286 1238 de
333 1180 530 1238 Misna
578 1187 639 1236 et
683 1179 873 1235 multo
909 1180 1128 1236 robore
1175 1177 1418 1234 militari
1450 1177 1799 1236 Suevorum
1836 1186 1897 1235 et
1930 1177 2043 1236 Ba-

209 1283 505 1322 varorum
555 1261 857 1321 convertit
905 1260 1244 1319 exercitum
1293 1281 1516 1320 versus
1566 1259 1824 1320 Albiam.
1904 1261 2040 1333 Quo

212 1347 654 1427 appropiante,
707 1344 1067 1404 Lodewicus
1124 1343 1552 1423 provincialis,
1605 1344 1705 1424 qui
1753 1344 1923 1422 prius
1979 1344 2044 1402 in

210 1432 589 1508 Lunenburg
623 1428 1105 1491 custodiebatur,
1153 1430 1454 1486 deductus
1499 1437 1597 1487 est
1628 1427 1935 1507 Sigeberg
1983 1436 2046 1487 et

213 1514 291 1573 ibi
320 1514 547 1571 arctius
578 1512 854 1570 custodie
882 1520 977 1570 est
1003 1512 1278 1569 traditus.
1329 1512 1462 1569 Dux
1489 1520 1697 1569 autem
1726 1520 1870 1569 tunc
1893 1521 2051 1570 tem·

212 1598 381 1678 poris
415 1596 668 1656 Lubeke
703 1595 1075 1654 constitutus
1115 1603 1266 1672 erat7
1313 1595 1601 1653 muniens
1636 1595 1947 1653 civitatem
1985 1602 2048 1653 et

215 1682 465 1759 erigens
515 1680 840 1737 machinas
878 1679 1121 1736 multas,
1187 1678 1422 1749 Quibus
1468 1679 1806 1756 dispositis7
1853 1678 1913 1735 in
1948 1678 2047 1737 die

213 1764 641 1844 apostolorum
670 1762 830 1821 Petri
859 1771 920 1819 et
946 1762 1111 1819 Pauli
1147 1762 1292 1820 abiit
1325 1763 1704 1840 Racesburg.
1766 1763 2045 1841 Cumque

216 1869 400 1907 mane
436 1849 575 1906 inde
614 1846 1113 1926 proficisceretur
1145 1847 1411 1903 tendens
1445 1848 1518 1903 ad
1551 1845 1815 1923 Albiam7
1849 1845 2049 1904 secuti

218 1953 363 1991 eum
411 1940 556 1989 sunt
601 1950 821 1989 omnes
867 1928 968 2008 qui
1014 1929 1071 1986 in
1108 1937 1310 1986 castro
1347 1929 1614 1987 fuerunt.
1652 1928 1829 2007 quasi
1863 1931 2050 1987 dedu-

220 2025 435 2073 centes
473 2035 615 2071 eum
658 2033 798 2071 cum
836 2012 1080 2091 gaudio,
1144 2012 1434 2070 Videntes
1469 2021 1679 2069 autem
1719 2012 1802 2070 hii
1836 2011 1938 2090 qui
1971 2014 2049 2070 de

218 2107 394 2179 parte
441 2097 740 2155 Bernardi
789 2095 1029 2154 comitis
1075 2094 1151 2154 ibi
1208 2104 1678 2165 ternanserant„
1728 2097 1888 2174 quod
1945 2115 2050 2154 va-

220 2202 404 2241 cuum
450 2191 622 2240 esset
671 2189 967 2254 castrum7
1010 2188 1268 2258 repente
1312 2187 1778 2271 occupaverunt
1808 2178 1954 2236 iilud
1990 2186 2052 2236 et

218 2275 401 2345 capta
436 2285 579 2322 arce
615 2264 1057 2322 concluserunt
1091 2262 1302 2322 valvas
1353 2262 1484 2321 eius
1525 2271 1584 2319 et
1619 2270 1917 2341 quotquot
1956 2282 2050 2320 re·

220 2356 588 2408 manserant
622 2350 697 2406 de
736 2347 935 2406 servis
975 2345 1146 2404 ducis
1181 2346 1346 2404 foras
1381 2346 1715 2403 eiecerunt.
1776 2346 1911 2404 Dux
1945 2366 2049 2403 au·

219 2442 347 2491 tem
394 2432 690 2507 audiens,
725 2433 885 2510 quod
934 2430 1163 2487 factum
1213 2430 1450 2506 fuerat,
1498 2429 1794 2487 frendens
1838 2429 2048 2487 animo

219 2536 515 2576 reversus
563 2524 658 2573 est
702 2517 775 2573 ad
811 2523 1087 2573 castrum
1137 2522 1201 2571 et
1227 2512 1463 2572 invenit
1497 2520 1707 2570 contra
1752 2532 1820 2571 se
1863 2512 2052 2572 obsti·

221 2609 402 2658 natos
448 2599 689 2656 animos
725 2598 987 2655 illorum.
1061 2597 1341 2674 Repente
1387 2604 1595 2654 autem
1641 2596 1810 2655 misit
1857 2597 2051 2674 Syge-

220 2686 412 2762 berge
438 2684 511 2740 ad
531 2681 915 2760 Luppoldum
945 2688 1005 2737 et
1021 2680 1211 2737 Plune
1238 2681 1310 2737 ad
1333 2680 1746 2771 ‘Mar-madum,
1770 2688 1836 2738 ut
1860 2699 2051 2770 quan-

221 2767 418 2822 tocius
453 2763 739 2822 venirent
773 2782 913 2820 cum
954 2761 1250 2839 Holzatis⁷
1295 2762 1346 2821 si
1393 2762 1550 2821 forte
1591 2771 1808 2841 posset
1841 2762 2048 2820 eicere

220 2848 387 2924 illos
436 2846 575 2925 quia
621 2845 797 2937 pauci
850 2853 1042 2902 ciant.
1127 2845 1369 2903 Interea
1423 2845 1592 2904 venit
1645 2845 1743 2923 qui
1793 2844 2048 2922 diceret⁷

220 2931 343 2989 iam
377 2930 746 3009 appropiare
782 2948 1090 2993 cesarem
1123 2937 1182 2986 et
1215 2928 1303 2986 sic
1335 2927 1564 2987 infecto
1599 2928 1848 3006 negotio
1883 2890 2049 3005 abiit}

224 3033 474 3073 amarus
516 3011 575 3069 in
625 3011 1047 3089 indignatione
1096 3011 1283 3069 animi
1328 3011 1422 3068 sui
1473 3021 1533 3070 et
1581 3012 1747 3069 venit
1793 3013 2049 3070 Ertene·

222 3101 397 3176 burg.
470 3097 540 3155 Et
574 3094 790 3153 videns
825 3094 1326 3186 appropinquare
1367 3103 1572 3153 castra
1607 3094 1864 3171 cesalis,
1912 3113 2050 3153 suc-

225 3180 430 3238 cendit
475 3179 680 3257 ipsum
723 3186 994 3236 castrum
1051 3186 1112 3236 et
1157 3178 1483 3257 ingressus
1539 3178 1889 3236 naviculam
1936 3196 2051 3255 per

224 3263 438 3321 divexa
474 3263 646 3321 Albie
679 3260 1084 3342 proficiscens
1120 3261 1264 3319 abiit
1295 3260 1591 3321 Stadium.

227 3375 266 3433 1)
303 3376 330 3419 i.
368 3390 406 3418 e.
440 3376 691 3417 observare.
