2193 3641
231 266 352 324 246
441 265 791 325 ARNOLDI
838 265 1233 326 CHRONICA
1277 264 1721 325 SLAVORUM.
1788 266 2058 327 LlB.V1.

79 445 210 491 1204.
232 430 339 490 sed
398 437 540 490 tunc
602 430 839 490 demum
892 450 1051 490 nova
1121 430 1295 490 nobis
1351 429 1649 490 Dominus
1701 435 2064 508 procuravit

232 514 489 592 auxilia,
536 534 671 572 cum
719 514 900 573 nichil
939 514 1188 572 humani
1223 512 1524 573 videretur
1567 534 1877 590 superesse
1918 536 2060 575 con-

229 597 366 657 silii.
438 597 519 656 Et
546 596 803 676 quidem,
849 599 901 656 si
931 597 1070 655 bene
1099 599 1493 675 meminimus,
1529 618 1642 674 per
1670 597 1906 657 litteras
1927 601 2059 658 uni-

229 682 499 740 versitati
529 686 721 738 vestre
752 682 1141 739 transmissas
1175 683 1368 738 nostri
1384 700 1746 758 proqressus
1778 686 1837 740 et
1862 686 2059 742 status

212 765 652 824 ,narrationem
698 783 763 822 eo
811 782 993 842 usque
1039 761 1419 840 deduximus,
1464 769 1534 822 ut
1575 764 1721 822 urbe
1750 764 2059 841 populosa

229 852 412 922 capta
436 845 721 905 violenter
745 866 782 903 a
799 847 1034 923 paucis,
1060 851 1320 921 tyranno
1339 848 1556 924 fuqato
1575 853 1634 905 et
1652 846 1859 905 Alexio
1885 867 2060 906 coro-

231 936 398 1006 natO,
445 949 623 988 mora
654 934 862 988 nostra
885 931 1196 1004 promissa
1227 931 1350 1000 fuit
1391 935 1446 988 et
1486 928 1774 988 ordinata
1798 950 1910 1006 per
1937 931 2060 990 hie-

230 1033 403 1089 mem,
437 1019 505 1070 ut
523 1018 797 1089 potenter
839 1012 1272 1089 obtinerentur,
1316 1014 1369 1070 si
1412 1014 1514 1091 qui
1544 1015 1816 1071 resistere
1844 1013 2062 1073 vellent

228 1095 455 1153 Alexio,
536 1095 658 1153 Sed
702 1115 842 1172 nos,
895 1115 967 1153 ne
1013 1094 1316 1154 discordie
1372 1097 1527 1154 inter
1578 1115 1690 1154 nos
1737 1101 1795 1154 et
1836 1094 2059 1155 Grecos

229 1181 500 1250 fomitem
521 1178 1172 1236 ministraretmoribus
1189 1180 1412 1237 nostris
1431 1177 1691 1237 adversa
1722 1178 2060 1259 barbaries,

232 1261 305 1320 de
350 1264 587 1319 civitate
629 1267 901 1319 exeuntes
939 1281 1010 1320 ea:
1044 1260 1301 1320 adverso
1352 1263 1627 1340 civitatis,
1670 1263 2058 1321 interiacente

232 1344 447 1421 PontO,
482 1343 566 1403 ad
588 1364 796 1420 preces
825 1346 1208 1421 imperatoris
1251 1350 1461 1403 castra
1484 1343 1858 1420 posuimus1.

365 1427 576 1485 Verum
605 1429 762 1486 sicut
785 1447 903 1485 non
932 1427 1238 1486 hominum
1271 1447 1458 1504 opera
1489 1429 1751 1505 fuerunt,
1782 1425 1889 1486 sed
1923 1426 2054 1506 Dei,

231 1529 343 1589 que
371 1511 574 1569 Grecis
606 1510 928 1589 intulimus,
961 1513 1045 1568 ita
1070 1530 1192 1569 non
1214 1510 1542 1587 hominum,
1575 1509 1681 1569 sed
1711 1510 2054 1589 demonum,

231 1613 343 1671 que
368 1612 503 1651 cum
529 1596 890 1669 imperatore
913 1613 1067 1652 novo
1097 1594 1311 1652 Grecia
1335 1593 1510 1652 nobis
1534 1613 1604 1652 ex
1625 1591 1890 1669 perfidia
1915 1612 2055 1651 con-

229 1682 404 1734 sueta
438 1676 725 1735 retribuit.
787 1676 1122 1752 Imperator
1150 1675 1443 1755 siquidem
1476 1696 1547 1735 ecc
1576 1678 1880 1753 insperato
1914 1676 2055 1734 Gre-

233 1779 444 1816 corum
488 1758 773 1818 seductus
807 1758 1069 1835 perfidia
1116 1780 1155 1817 a
1186 1760 1359 1818 nobis
1403 1761 1650 1818 recessit
1684 1761 1910 1837 animo,
1958 1760 2056 1817 cui

229 1847 402 1900 tanta
429 1842 712 1914 beneficia
739 1842 1205 1920 contuleramus,
1234 1848 1291 1901 et
1314 1845 1375 1901 in
1407 1842 1682 1901 omnibus
1702 1861 1837 1900 cum
1854 1847 2054 1919 patre,

226 1924 589 2001 patriarcha
634 1931 692 1984 et
724 1925 877 1984 mole
906 1925 1196 1985 nobilium
1225 1925 1399 1984 nobis
1422 1926 1744 2001 promissis
1765 1926 2054 2000 periurus

231 2013 288 2065 et
329 2007 592 2066 mendax
637 2014 729 2067 tot
764 2011 1012 2067 incurrit
1047 2011 1355 2086 periuria,
1401 2014 1551 2087 quot
1589 2007 1762 2067 nobis
1794 2009 2057 2084 prestitit

228 2096 636 2149 sacramenta.
711 2090 875 2150 Unde
917 2097 1127 2150 nostro
1171 2090 1417 2150 tandem
1450 2090 1767 2150 destitutus
1799 2089 2051 2167 auxiliO,

220 2173 420 2248 prelia
454 2180 672 2232 contra
703 2194 821 2233 nos.
845 2174 1167 2232 meditatur
1197 2176 1504 2232 incassum
1535 2180 1592 2232 et
1610 2175 1855 2250 naviqii,
1887 2171 2054 2251 quod

229 2258 425 2332 ipsum
458 2255 811 2315 adduxerat
839 2263 897 2316 et
921 2257 1359 2316 sublimaverat
1380 2255 1465 2314 ad
1488 2275 1800 2333 coronam,
1826 2274 2051 2331 procu·

229 2344 331 2396 rat
350 2338 647 2398 incendia.
698 2339 820 2397 Sed
841 2346 977 2398 voto
1005 2345 1128 2397 tam
1152 2338 1382 2398 crudeli
1405 2338 1763 2413 fraudatur,
1792 2337 2048 2396 Domino

230 2441 342 2479 nos
366 2427 730 2499 proteqente,
763 2426 830 2495 fit
850 2443 1001 2498 pars
1031 2442 1146 2481 sua
1169 2442 1282 2497 per
1315 2427 1528 2480 cuncta
1563 2420 1825 2479 deterior
1867 2426 1923 2479 et
1946 2419 2051 2478 lio-

228 2506 456 2562 minum
489 2523 741 2562 suorum
779 2505 967 2582 cedes,
1009 2504 1285 2564 incendia
1321 2510 1377 2563 et
1409 2506 1638 2581 rapine.
1709 2503 2052 2562 Imminente

227 2589 385 2657 foris
436 2607 648 2664 puqna
690 2590 847 2647 intus
891 2588 1206 2647 timoribus
1251 2593 1586 2646 coartatur.
1660 2585 1942 2644 Emulum
1999 2588 2052 2644 ei

229 2669 463 2728 elevant
480 2671 651 2728 Greci
673 2673 1094 2747 imperatorem
1112 2671 1155 2748 ²,
1181 2691 1252 2729 ea
1270 2673 1588 2728 occasione
1612 2674 1882 2745 captata,
1906 2670 2051 2746 quia

233 2751 316 2808 ad
347 2752 642 2810 auxilium
685 2759 959 2812 nostrum
1005 2759 1146 2811 tunc
1179 2753 1412 2811 nullum
1445 2753 1736 2829 sanquine
1764 2751 1878 2809 sibi
1901 2770 2050 2827 pro-

224 2836 515 2911 pinquum
541 2839 742 2910 possit
779 2836 998 2894 habere
1031 2838 1350 2913 refuqium.
1415 2835 1674 2913 Cumque
1703 2835 1885 2891 unica
1915 2852 2048 2908 spes

232 2915 522 2973 evadendi
554 2924 808 2976 restaret
828 2921 888 2977 in
912 2919 1105 2995 nobis,
1130 2921 1396 2976 iuratum
1424 2917 1539 2976 sibi
1566 2914 1866 2995 quendam
1883 2914 2047 2972 Mur-

229 2997 510 3073 zulphum
552 3002 807 3076 nomine,
851 3000 960 3057 de3
1004 3020 1120 3077 quo
1163 3020 1343 3075 super
1373 2999 1531 3057 alios
1564 3017 1766 3057 omnes
1791 3017 1909 3072 pro
1942 2999 2048 3054 im-

221 3083 427 3155 pensis
469 3083 520 3137 ei
554 3081 846 3153 beneficiis
877 3081 1236 3158 confidebat,
1275 3084 1452 3139 mittit
1480 3080 1562 3139 ad
1594 3081 1912 3138 exercitum
1943 3098 2048 3137 no-

231 3207 270 3261 1)
321 3205 426 3250 Pars
471 3208 687 3264 quaedam
733 3208 949 3250 exercitus
995 3222 1094 3250 cum
1140 3207 1297 3250 Alexio
1340 3207 1500 3250 iuvene
1542 3213 1693 3250 contra
1739 3206 2047 3262 imperatorem

230 3268 427 3322 fugatum
469 3268 665 3323 profecta
711 3276 796 3317 est,
845 3268 929 3309 alia
974 3268 1185 3310 remansit
1228 3269 1271 3309 in
1315 3275 1458 3310 castro
1503 3265 1638 3316 Peru
1685 3280 1725 3309 v·
1772 3264 1947 3307 Wilken
1994 3262 2044 3314 V,

230 3341 270 3382 p.
305 3327 411 3371 246.
474 3325 661 3370 Brevius
695 3327 766 3369 hic
799 3327 984 3382 epistola
1023 3335 1184 3369 narrat.
1325 3328 1369 3379 2)
1404 3327 1498 3369 scil.
1534 3324 1764 3369 Nicolaum
1799 3322 2045 3375 Cenabum,

230 3387 305 3443 qui
341 3401 378 3428 a.
417 3386 546 3428 1204.
583 3386 671 3430 lan.
704 3387 780 3429 27.
815 3387 984 3430 electus
1017 3395 1097 3431 est.
1306 3386 1348 3443 3)
1379 3385 1587 3429 Alexium
1623 3384 1791 3427 Ducam
1827 3383 2047 3436 videlicet,

231 3447 493 3502 cognomine
526 3446 807 3489 Mununum.
