2193 3641
239 136 317 195 32
406 133 753 193 ARNOLDI
791 132 1186 193 CHRONICA
1231 131 1673 192 SLAVORUM.
1749 133 1888 192 LIB.
1934 133 1975 192 1.

89 310 219 354 1173.
240 306 294 358 et
342 299 715 358 dilectionem
764 302 824 358 in
879 300 1129 358 Christo.
1214 299 1492 379 Cumque
1547 301 1622 358 ad
1669 298 2059 358 salutationis

237 387 425 443 verba
460 384 681 442 fratres
715 383 1032 443 humiliter
1069 383 1457 458 inclinarent3
1490 384 1880 443 adiecerunt:
1940 380 2063 441 Νο-

237 469 387 526 verit
428 466 664 526 dilectio
696 472 912 544 vestra,
960 469 1103 545 quia
1145 471 1338 525 mater
1377 471 1608 544 nostra,
1655 470 1873 526 sancta
1901 464 2061 525 vide-

236 551 373 610 licet
400 549 650 608 ecclesia
681 549 1014 628 Labicana,
1047 555 1226 628 patre
1255 569 1367 609 suo
1398 549 1653 609 viduata
1685 555 1791 628 est,
1834 554 1893 609 et
1916 551 2063 629 quia

238 633 342 692 diu
376 636 502 692 sine
525 639 777 709 pastore
802 652 925 692 esse
946 653 1068 692 non
1098 652 1446 712 possumus,
1478 632 1614 693 ideo
1646 635 1810 693 omni
1838 632 2062 692 sollici-

239 716 441 775 tudine
472 717 645 774 nobis
676 716 1114 793 inviyilandum
1146 722 1249 794 est,
1281 722 1350 775 ut
1375 719 1436 776 in
1461 715 1643 776 domo
1667 715 1778 775 Dei
1793 715 2059 793 pruden-

237 807 351 859 tem
385 805 442 858 et
467 798 698 872 fidelem
725 798 1200 875 dispensatorem
1225 800 1575 859 habeamus.
1637 799 1803 859 Unde
1823 802 2062 879 qratias

238 886 560 943 immensas
583 882 709 942 Deo
735 886 1072 961 referimus,
1104 883 1269 962 quod
1291 902 1443 961 eum,
1469 886 1528 943 in
1553 903 1670 962 quo
1695 883 1869 943 nobis
1901 904 2060 943 com-

227 967 482 1046 placuit,
515 969 863 1045 invenimus,
891 966 1178 1026 domnum
1202 967 1554 1027 Heinricum
1575 966 1853 1026 videlicet
1872 966 2060 1026 abba-

237 1059 351 1109 tem
377 1057 654 1128 vestrum,
685 1053 878 1109 virum
898 1050 1254 1128 prudentem
1278 1056 1336 1110 et
1352 1051 1719 1128 reliyiosum,
1743 1069 1917 1129 quem
1939 1070 2062 1110 non

234 1134 432 1193 solum
470 1134 748 1194 electione
788 1138 1086 1194 canonica
1130 1135 1304 1194 nobis
1327 1132 1758 1211 preferendum
1803 1132 2062 1193 decrevi-

235 1238 387 1296 mus>
432 1217 538 1276 sed
570 1221 749 1276 etiam
774 1220 1065 1295 principis
1096 1221 1288 1277 nostri
1319 1217 1526 1277 domni
1557 1216 1749 1297 ducis,
1795 1220 1898 1297 qui
1927 1237 2061 1276 eum

234 1302 405 1359 nobis
454 1304 513 1359 in
559 1301 868 1360 dominum
911 1307 968 1360 et
1003 1308 1244 1378 patrem
1283 1301 1659 1378 spiritualem
1706 1300 2060 1379 desiynavit,

236 1389 600 1443 auctoritate
645 1404 1031 1462 usurpamus.
1105 1386 1488 1462 Quapropter
1529 1404 1840 1462 royamus,
1887 1389 1957 1443 ut
1997 1386 2061 1443 in

232 1468 345 1527 hoc
368 1487 552 1526 unum
577 1469 888 1526 nobiscum
912 1471 1182 1527 sentiatis
1208 1474 1261 1527 et
1283 1467 1658 1527 ordinationi
1679 1467 1790 1526 Dei
1814 1487 2059 1528 consen-

234 1555 436 1611 tientes
461 1551 641 1610 simid
672 1571 804 1610 eum
828 1552 1142 1611 nobiscum
1166 1551 1251 1611 ad
1275 1555 1506 1630 apicem
1528 1553 1726 1611 sancti
1750 1552 2062 1612 ministerii

232 1634 606 1694 devotissime
628 1638 1056 1711 promoveatis.

356 1718 670 1776 Fratribus
720 1728 925 1778 autem
979 1721 1053 1777 de
1100 1727 1228 1776 tam
1261 1716 1530 1777 honesta
1564 1716 1757 1797 patris
1792 1717 1888 1777 sui
1920 1737 2058 1798 pro-

235 1801 506 1859 motione
555 1802 1122 1880 congaudentibus„
1173 1802 1283 1860 sed
1328 1803 1401 1860 de
1451 1800 1883 1861 absentatione
1928 1809 2058 1861 tam

234 1884 313 1963 pii
341 1884 609 1963 pastoris
637 1885 1130 1963 condolentibus,
1150 1885 1230 1944 ita
1252 1885 1575 1965 respondit
1592 1885 1859 1945 electus:
1897 1885 2059 1962 Opus

233 1967 470 2045 quidem
502 1966 750 2040 difficile
781 1974 838 2027 et
866 1971 1043 2027 nimis
1075 1968 1340 2027 arduum
1372 1973 1477 2045 est,
1526 1967 1611 2025 ad
1640 1967 1806 2045 quod
1835 1987 1927 2026 me
1957 1987 2058 2027 vo·

234 2054 404 2128 catis,
448 2054 677 2122 fratres
724 2057 780 2110 et
808 2051 1035 2110 domini
1066 2054 1199 2130 mei.
1248 2057 1307 2110 et
1333 2050 1499 2110 ultra
1536 2052 1693 2110 vires
1733 2070 1901 2110 meas
1933 2071 2058 2112 esse

233 2154 615 2212 recoynosco.
697 2133 818 2192 Sed
858 2138 1002 2214 quia
1042 2137 1365 2194 certissime
1408 2154 1578 2193 nemo
1624 2133 1710 2192 ad
1750 2134 1864 2194 hoc
1904 2138 2062 2194 venit

231 2217 519 2294 ydoneus,
553 2220 669 2275 nisi
699 2221 799 2295 qui
828 2225 1086 2278 vocatur
1125 2239 1164 2276 a
1186 2218 1312 2277 Deo
1345 2224 1638 2298 tanquam
1660 2217 1888 2296 Aaron,
1919 2217 2055 2278 ideo

235 2299 438 2358 divina
483 2299 928 2376 dispensatione
984 2301 1068 2360 ad
1107 2301 1221 2360 hoc
1266 2303 1662 2360 ministerium
1706 2321 1799 2360 me
1846 2304 2058 2362 vocari

234 2403 353 2441 non
386 2383 648 2461 ambi909
681 2387 823 2463 quia
868 2387 1061 2444 omnis
1083 2390 1362 2460 potestas
1394 2405 1432 2443 a
1462 2384 1587 2442 Deo
1621 2390 1721 2443 est.
1792 2386 1915 2458 Que
1946 2405 2056 2445 au-

235 2473 342 2524 tem
379 2487 417 2524 a
447 2466 573 2525 Deo
605 2474 761 2545 sunt,
811 2468 1103 2526 ordinata
1146 2473 1301 2525 sunt.
1362 2468 1442 2526 Et
1469 2469 1613 2547 quia
1644 2470 1747 2547 qui
1766 2473 2058 2545 potestati

234 2553 473 2627 resistit,
521 2549 896 2609 ordinationi
937 2550 1049 2608 Dei
1091 2548 1369 2628 resistit1,
1430 2550 1564 2610 ideo
1619 2571 1750 2610 ecce
1795 2551 1880 2612 ad
1921 2553 2049 2612 obe·

234 2632 514 2690 diendum
548 2637 737 2708 venio,
780 2635 1127 2692 necessitate
1158 2638 1357 2693 tamen
1387 2636 1584 2712 maqis
1630 2654 1816 2714 quam
1844 2635 2054 2696 volun-

233 2720 369 2771 tate.
446 2716 518 2773 ht
550 2716 630 2774 ita
669 2716 981 2794 profectus
1025 2737 1163 2776 cum
1215 2717 1305 2778 eis
1352 2720 1427 2777 de
1473 2719 1856 2778 monasterio
1890 2719 2052 2779 beati

233 2796 447 2875 Egidii‚
497 2798 589 2855 eui
625 2801 841 2857 decem
877 2800 1056 2860 annis
1092 2800 1380 2880 prefuit²,
1429 2804 1587 2882 quod
1622 2802 1811 2861 etiam
1842 2802 2051 2861 multis

232 2883 414 2939 rebus
451 2881 858 2960 ampliaverat
903 2893 963 2942 et
1009 2884 1066 2943 in
1101 2885 1238 2965 ipso
1270 2894 1554 2964 tempore
1588 2887 1663 2945 de
1695 2884 2053 2965 peregrina-

232 2963 397 3021 tione
444 2966 690 3024 rediens
737 2967 1060 3026 duodecim
1112 2968 1312 3048 palliis
1357 2977 1712 3047 ornaverat,
1767 2967 1935 3028 venit
1975 2969 2052 3028 ad

234 3047 453 3106 ducem
501 3048 853 3129 Luneburg,
903 3059 963 3109 et
1011 3052 1323 3132 accipiens
1374 3054 1448 3111 ab
1494 3071 1566 3110 eo
1617 3052 2050 3112 investituram

237 3194 275 3246 1)
309 3201 446 3240 omnis
482 3223 535 3229 —
569 3204 735 3245 resistit
765 3216 817 3245 ex
850 3201 1036 3247 Roman.
1074 3203 1142 3257 13,
1182 3203 1221 3254 1,
1252 3202 1296 3247 2.
1479 3202 1524 3260 2)
1559 3201 1799 3246 Heinricus
1831 3202 1970 3246 abbas
2003 3200 2051 3247 S.

231 3254 390 3359 {¹23ng
422 3258 740 3363 iam2{.31156
774 3264 969 3307 occurrit
1013 3264 1134 3308 testis
1168 3265 1346 3308 chartae
1379 3263 1506 3308 ducis
1540 3263 1655 3321 apud
1688 3261 1838 3316 Falke,
1877 3260 2049 3307 Tradit.

252 3331 319 3360 ⁴01·
354 3333 408 3361 ΘΙ.
444 3334 483 3376 p
612 3354 621 3365 .
