2193 3641
226 235 347 295 238
430 232 773 293 ARN-OLDI
814 233 1208 296 CHRONICA
1250 233 1689 296 SLAVORUM.
1765 237 1907 299 LlB.
1936 238 2032 299 Vl.

75 412 205 458 1202.
224 401 592 465 resistentes
626 401 837 481 sepius
871 399 1143 480 graviter
1172 400 1591 481 vulnerarent,
1623 401 1757 482 ipse
1788 423 1902 483 per
1932 423 2033 463 se·

224 496 353 545 met
382 488 587 568 ipsum
621 483 951 566 impatiens
993 484 1108 543 ocii
1142 493 1413 544 castrum
1452 485 1703 544 vallavit
1741 494 1820 564 et,
1861 485 2029 545 omni

226 573 545 650 eruptione
579 571 801 645 ablata,
834 567 1106 647 graviter
1135 568 1279 627 illud
1305 569 1541 628 artavit.
1611 571 1886 649 Cumque
1918 589 2027 649 pro

226 654 453 715 diutina
475 655 792 714 obsidione
815 651 1097 710 victualia
1124 652 1479 712 castellanis
1505 657 1820 732 deessent,
1846 652 2028 711 nimis

225 740 424 817 artati,
459 745 783 819 sperantes
808 734 1259 814 liberationem,
1289 736 1474 816 longa
1500 735 1680 796 famis
1707 736 1907 796 inedia
1934 756 2030 795 ca·

226 831 419 881 strum
460 821 713 881 viriliter
747 822 1058 878 tenebant.
1120 821 1192 878 Et
1226 839 1366 878 cum
1399 820 1587 879 nichil
1618 820 2031 880 esurientibus

223 915 611 988 superesset,
654 902 775 987 ipsi
816 912 1026 962 tamen
1068 923 1191 962 non
1225 903 1427 962 minus
1458 903 1883 964 instrumentis
1916 903 2034 963 fer·

222 991 344 1052 reis
373 991 643 1050 molares
669 990 990 1066 cedebant,
1016 995 1082 1045 ut
1100 989 1424 1047 crederent
1448 987 1806 1063 adversarii,
1834 987 2029 1046 farina

224 1084 285 1135 et
315 1075 575 1156 panibus
612 1094 720 1134 eos
754 1071 1084 1133 abundare.
1137 1071 1411 1130 Tandem
1439 1071 1669 1151 pertesi
1693 1071 1845 1130 tanti
1868 1071 2032 1131 labo-

221 1159 305 1219 ris
351 1169 413 1219 et
457 1158 814 1218 obsidentes
867 1163 929 1214 et
969 1154 1353 1233 esurientes,
1405 1163 1677 1213 castrum
1723 1154 2029 1213 redditum

224 1252 320 1304 est
362 1264 437 1303 ea
483 1241 852 1319 conditione,
900 1235 1323 1314 utcastellani
1355 1237 1723 1318 patrimonia
1755 1258 1868 1298 sua
1900 1239 2030 1298 sive

223 1326 523 1390 beneficia
584 1334 650 1384 ut
701 1332 846 1383 ante
904 1322 1300 1403 possiderent
1353 1330 1413 1381 et
1465 1342 1605 1380 cum
1658 1321 1825 1381 omni
1875 1340 2030 1402 pace

222 1432 474 1471 omnem
514 1407 988 1490 supellectilem,
1035 1406 1131 1465 vel
1173 1405 1455 1486 quicquid
1487 1405 1546 1464 in
1582 1414 1783 1466 castro
1815 1425 2033 1486 posse-

222 1500 460 1572 derant,
503 1494 695 1553 libere
740 1491 1069 1551 deferrent.
1137 1490 1415 1568 Cumque
1447 1491 1566 1547 dux
1598 1498 1870 1549 castrum
1901 1488 2031 1549 suis

219 1581 496 1640 locasset
541 1585 602 1637 et
653 1578 728 1636 ad
771 1594 884 1635 sua
933 1593 1072 1633 cum
1118 1572 1339 1653 gaudio
1378 1582 1721 1650 remearet,
1772 1580 2031 1652 repente

224 1663 542 1724 sinistrum
588 1659 827 1741 accepit
858 1657 1174 1736 nuncium,
1211 1655 1497 1716 videlicet
1527 1656 1779 1716 fratrem
1812 1675 2029 1736 regem

223 1756 536 1806 mortuum
552 1744 593 1805 ¹.
653 1745 827 1804 Unde
865 1741 1191 1801 exterritus
1226 1739 1502 1800 velocius
1528 1741 1835 1800 accelerat
1875 1738 2031 1800 redi·

223 1840 389 1908 tum,
444 1837 654 1909 utpote
702 1825 906 1885 fratris
960 1833 1330 1904 accepturus
1382 1844 1664 1902 regnum.
1752 1824 2030 1902 Cumque

95 1929 207 1975 Dec.
223 1915 414 1974 multa
456 1910 783 1971 concordia
825 1929 1088 1989 regnum
1121 1909 1380 1988 adeptus
1424 1906 1668 1987 fuisset,
1710 1906 1773 1966 in
1817 1905 2035 1967 nativi-

100 1991 175 2035 25.
221 2008 348 2058 tate
394 1995 639 2058 Domini
681 2003 974 2076 percepta
1019 1991 1448 2052 benedictione
1481 1990 1678 2071 regali
1711 2011 1744 2050 a
1774 2010 2028 2051 venera⁴

222 2083 324 2143 bili
353 2080 666 2141 Lundensi
713 2076 1180 2158 archiepiscopo
1212 2077 1457 2135 Andrea
1501 2075 1562 2134 in
1603 2079 1740 2155 ipsa
1785 2073 2031 2134 civitate

222 2166 283 2225 in
317 2167 530 2224 sedem
563 2163 738 2242 regni
770 2161 1040 2241 gloriose
1073 2160 1438 2219 sublimatus
1473 2166 1585 2218 est.

356 2253 445 2309 17.
477 2247 564 2307 De
596 2244 904 2306 obsidione
926 2243 1319 2303 Louenbureh
1350 2249 1406 2302 et
1426 2242 1775 2301 liberatione
1798 2241 2031 2300 comitis

71 2342 203 2386 1203.
221 2331 495 2408 Adolphi.
543 2331 649 2390 His
677 2329 970 2388 ordinatis
997 2327 1156 2386 circa
1181 2329 1530 2405 Augustum
1556 2345 1664 2384 rex
1680 2324 2030 2384 Waldema-

86 2404 328 2474 Aug·rus
364 2436 503 2474 cum
552 2434 775 2493 magna
823 2411 1018 2491 gloria
1065 2419 1124 2469 et
1169 2408 1402 2468 infinita
1437 2408 1822 2468 multitudine
1860 2406 2030 2466 venit

221 2497 784 2577 Lubekam,ibique
812 2515 951 2554 cum
977 2494 1169 2553 multa
1192 2493 1563 2553 iocunditate
1589 2512 1696 2550 rex
1712 2492 2028 2551 Danorum

226 2592 286 2642 et
338 2582 701 2643 Sclavorum
756 2589 816 2639 et
865 2577 1300 2657 Nordalbingie
1346 2578 1631 2637 dominus
1680 2572 2031 2635 salutatur2.

224 2666 448 2746 Sicque
483 2672 897 2745 prosequente
931 2662 1395 2742 archiepiscopo
1419 2659 1731 2719 Lundensi
1757 2668 1818 2718 et
1839 2659 2027 2717 fratre

222 2749 418 2828 ipsius
453 2750 629 2807 Petro
660 2746 1074 2822 Roskildensi,
1106 2765 1246 2802 cum
1272 2742 1492 2802 ceteris
1527 2741 1859 2822 episcopis,
1891 2760 2030 2822 pre-

224 2831 465 2911 positis,
499 2829 868 2909 primoribus
908 2827 1359 2908 Nordalbingis,
1396 2825 1826 2904 Thietmarcis,
1860 2824 2029 2884 Scla-

224 2915 339 2991 viS,
384 2912 704 2992 Rugianis,
745 2911 1014 2971 maxima
1049 2911 1269 2971 virtute
1311 2908 1558 2970 vallavit
1604 2916 1877 2968 castrum
1914 2908 2027 2966 Lo-

226 2997 560 3057 uenburch.
641 2996 920 3075 Cumque
986 3003 1460 3055 castrametatus
1517 2991 1774 3070 fuisset,
1832 2991 2026 3050 erexit

227 3080 548 3140 machinas
580 3079 807 3138 multas
840 3078 972 3138 sive
1005 3079 1123 3137 alia
1156 3088 1497 3139 castrorum
1524 3082 1851 3135 tormenta.
1905 3073 2025 3132 Viri

229 3185 471 3244 quoque
518 3162 810 3224 balistarii
855 3171 916 3222 et
967 3162 1267 3242 sagittarii
1313 3160 1598 3221 continue
1654 3158 2023 3219 castellanos

225 3248 666 3327 inquietabant,
712 3255 772 3307 et
801 3245 1075 3306 vicissim
1107 3246 1364 3305 vulnera
1409 3245 1635 3303 dabant
1676 3251 1738 3302 et
1767 3240 2026 3321 accipie·

230 3374 270 3431 1)
303 3372 426 3418 Obiit
460 3374 589 3418 1202.
623 3372 730 3418 Nov.
766 3373 835 3418 12.
964 3373 1009 3430 2)
1043 3373 1095 3417 V.
1128 3373 1405 3432 privilegium
1439 3380 1544 3426 tum,
1578 3380 1627 3417 ut
1658 3372 1843 3422 videtur,
1878 3366 2024 3413 Lubi-

226 3436 430 3480 censibus
462 3449 486 3478 a
518 3449 621 3492 rege
654 3437 817 3489 datum,
850 3432 984 3479 Urkb.
1019 3438 1062 3479 d.
1096 3433 1224 3479 Stadt
1253 3433 1434 3479 Liibeck
1467 3433 1500 3487 l,
1535 3450 1577 3478 n.
1614 3432 1683 3477 11.
