2193 3641
181 213 524 280 ARNOLDl
573 216 965 280 CHRONICA
1017 215 1462 277 SLAVORUM.
1524 214 1670 274 Llss.
1706 215 1796 273 ΠΙ.
1887 218 1965 273 87

133 385 364 445 iniusta
412 384 659 444 effossis
705 382 900 443 oculis
950 391 1293 443 cecaverat.
1365 381 1652 461 Dixitque
1684 382 1757 440 ad
1790 402 1965 441 eum:

132 469 230 527 En
274 470 499 527 inimici
552 470 666 526 mei
717 471 971 546 querunt
1020 468 1291 524 animam
1340 467 1608 543 meam¹,
1664 485 1852 543 roqo9
1902 470 1973 523 ut

139 553 344 624 facias
394 570 622 610 mecum
664 548 1143 608 misericordia-m
1195 555 1253 608 et
1294 548 1563 626 presidio
1616 548 1794 607 michi
1833 551 1964 621 fias,

141 637 221 694 At
250 634 354 694 ille
385 633 728 714 respondit:
794 633 1077 705 Quamvis
1106 634 1389 691 iniustam
1423 635 1484 691 in
1514 653 1606 690 me
1633 633 1969 691 exercueris

131 720 483 795 potentiam,
515 715 796 792 probabo
829 720 1047 791 tamen,
1079 717 1131 773 si
1153 721 1389 794 potere,
1419 715 1663 774 salvare
1695 717 1966 773 animam

137 805 413 858 vestram.
495 799 571 857 Et
600 797 836 878 recepit
876 818 1020 857 eum
1050 797 1111 855 in
1145 806 1436 857 castrum.
1498 799 1609 859 Ille
1641 818 1787 858 vero
1822 819 1964 856 cum

137 880 565 961 cognovisset,
613 882 776 961 quod
814 880 960 940 illuc
999 890 1195 960 esset⁷
1241 881 1559 942 insecutus
1604 903 1747 942 eum
1781 881 1967 941 estin

141 986 331 1024 manu
362 963 582 1024 valida.
653 965 842 1023 Porro
886 984 1027 1023 cum
1067 964 1346 1023 auditum
1378 965 1618 1042 fuisset,
1664 965 1826 1044 quod
1859 985 1967 1025 rex

138 1048 404 1128 fugeret⁷
432 1047 750 1108 insecutus
776 1056 872 1105 est
894 1067 1038 1106 eum
1064 1047 1266 1106 omnis
1292 1049 1582 1127 populuS,
1614 1068 1797 1108 senes
1824 1068 1966 1107 cum

136 1131 480 1190 iunioribus
515 1166 594 1174 ——
632 1129 776 1210 quia
808 1129 1047 1188 odibilis
1079 1138 1214 1190 erat
1244 1131 1532 1190 omnibus
1557 1168 1636 1175 —-
1674 1140 1735 1191 et
1765 1133 1823 1191 vi
1854 1131 1968 1190 tol-

136 1215 338 1275 lentes
393 1234 536 1274 eum
580 1214 655 1273 de
695 1221 934 1291 casn-0,
979 1214 1359 1273 reduxerunt
1401 1213 1462 1272 in
1507 1213 1858 1292 civitatem,
1907 1223 1968 1274 et

140 1306 403 1357 tractum
426 1317 536 1377 per
558 1297 799 1377 plateas
826 1296 1175 1377 omnigenis
1202 1297 1597 1356 contumeliis
1619 1298 1968 1358 affecerunt

136 1390 200 1441 et
239 1381 373 1440 sine
415 1379 586 1439 omni
621 1379 1022 1444 miseratione
1049 1379 1325 1439 animam
1358 1380 1491 1439 eius
1538 1390 1966 1461 excusserunt⁷

134 1465 542 1543 feceruntque
589 1462 643 1523 ei
691 1463 852 1522 sicut
901 1463 1065 1523 male
1107 1471 1328 1544 egerat
1375 1471 1595 1523 contra
1645 1465 1964 1545 proximos

137 1567 306 1607 suos,
380 1547 458 1606 Et
486 1546 832 1607 vindicatus
874 1555 969 1606 est
1010 1546 1265 1627 sanguis
1292 1546 1586 1614 ‚innoxius
1619 1547 1677 1605 in
1712 1547 1809 1608 die
1840 1547 1962 1607 illa.
1987 1566 2121 1610 1185.

135 1631 326 1690 Porro
374 1651 639 1711 regnum
678 1631 754 1690 ad
792 1630 1067 1690 emulum
1099 1630 1231 1690 eius
1262 1631 1637 1690 translatum
1669 1640 1783 1710 est,
1824 1631 1966 1689 Em·
1985 1626 2107 1687 Sept.

136 1714 389 1773 manuel
436 1713 687 1773 nomine
704 1712 749 1791 ²7
791 1721 854 1773 et
891 1721 1326 1793 prosperatum
1379 1713 1440 1772 in
1482 1713 1766 1773 manibus
1808 1714 1963 1794 eiuS,

134 1797 281 1876 quia
325 1796 387 1855 in
427 1795 855 1857 benedictione
885 1795 1190 1855 iustorum
1223 1796 1596 1857 exaltabitur
1627 1797 1862 1878 civitaS,
1904 1807 1966 1858 et

133 1880 196 1939 in
227 1878 573 1961 perditione
603 1879 937 1960 impiorum
969 1879 1084 1939 erit
1112 1879 1388 1939 laudatio
1404 1880 1444 1937 3.

262 1967 316 2025 9.
355 1962 532 2036 Quod
555 1968 884 2022 coronatus
905 1962 1225 2023 Heinricus
1248 1965 1309 2022 in
1332 1984 1547 2042 reyem.
1585 1964 1652 2023 In
1679 1965 1784 2024 illo
1812 1973 1963 2025 tem-

136 2066 288 2126 pore
333 2046 710 2106 Frithericus
755 2046 1070 2126 inperator
1119 2046 1305 2106 edixit
1348 2047 1585 2106 curiam
1622 2048 1963 2107 famosissi-

133 2150 302 2189 mam
350 2138 413 2190 et
447 2129 918 2189 celeberrimam
962 2129 1124 2210 apud
1170 2130 1594 2211 Moguntiam,
1641 2153 1759 2211 que
1806 2132 2115 2210 cele-¹¹84

134 2214 310 2272 brata
341 2221 436 2273 est
467 2212 528 2276 in
565 2220 990 2293 pentecosten,
1033 2233 1194 2271 anno
1226 2213 1398 2273 verbi
1442 2214 1744 2274 incarnati
1783 2200 2086 2304 ¹1327316U'

125 2295 377 2376 imperii
418 2305 627 2356 autem
665 2296 840 2376 regni
885 2295 980 2355 sui
1017 2316 1178 2355 anno
1212 2295 1369 2375 36.4‚
1413 2297 1514 2356 ubi
1546 2298 1742 2357 filium
1779 2318 1960 2357 suum
2044 2295 2055 2306 '

133 2378 492 2439 Heinricum
555 2400 772 2460 regem
829 2378 1093 2439 militem
1155 2380 1504 2441 declararet
1568 2390 1630 2442 et
1686 2382 1964 2462 gladium
2034 2451 2038 2454 .

133 2462 352 2538 militie
421 2482 614 2542 super
676 2464 883 2523 femur
933 2462 1067 2523 eius
1121 2462 1533 2524 fortissimum
1589 2465 1961 2545 accingeret.

130 2544 313 2604 Venit
337 2545 531 2625 igitur
568 2545 716 2604 illuc
746 2544 949 2605 omnis
981 2545 1246 2625 dignitas
1288 2547 1618 2627 potestatis
1652 2557 1713 2608 et
1742 2548 1962 2629 princi—

133 2634 353 2705 patuS,
402 2627 751 2686 sublimitas
802 2628 1447 2710 archiepiscoporum,
1502 2631 1960 2711 episcoporum,

131 2708 335 2788 gloria
385 2728 643 2789 regum,
701 2710 1053 2769 iocunditas
1108 2711 1459 2792 principum
1521 2721 1583 2773 et
1629 2714 1959 2773 multitudo

132 2790 469 2869 nobilium,
535 2791 872 2872 inperatori
935 2793 1217 2852 certatim
1287 2795 1540 2874 placere
1599 2796 1958 2855 volentium.

133 2873 293 2945 Quid
321 2875 395 2934 de
415 2874 855 2954 habundantia,
881 2874 1071 2933 immo
1098 2876 1174 2935 de
1199 2876 1713 2957 supereffluentia
1730 2879 1962 2939 victua-

139 3014 179 3073 1)
214 3013 284 3058 cf.
322 3015 362 3061 1.
397 3016 505 3072 Reg.
542 3016 610 3067 19,
647 3017 717 3061 10.
939 3016 983 3069 2)
1017 3016 1154 3061 immo
1188 3017 1388 3062 isaacum
1423 3019 1662 3076 Angelum,
1708 3021 1780 3078 qui
1817 3022 1963 3078 coepit

135 3089 322 3130 regnare
355 3090 395 3119 a.
432 3075 546 3119 1185
582 3091 731 3120 mense
764 3075 1025 3133 Septembri.
1172 3078 1216 3136 3)
1251 3078 1462 3124 proverb.
1501 3079 1569 3132 11,
1608 3081 1677 3124 10.
1830 3081 1873 3130 4)
1909 3080 1958 3124 ln

132 3135 387 3179 deliniendo
420 3151 536 3180 anno
568 3145 684 3179 errat
716 3146 886 3182 noster:
921 3137 1041 3180 curia
1077 3137 1148 3180 illa
1179 3139 1472 3183 celeberrima
1507 3156 1623 3184 anno
1660 3140 1789 3186 Dom.
1831 3141 1959 3191 1184,

134 3196 256 3252 regni
293 3195 365 3247 33,
401 3197 576 3253 imperii
611 3196 684 3248 31,
719 3199 770 3246 ad
806 3204 1090 3253 pentecosten
1125 3199 1230 3242 Mai.
1251 3200 1327 3246 20.
1362 3202 1584 3245 celebrata
1619 3210 1697 3245 cst.
1748 3201 1818 3245 Cf.
1843 3203 1959 3245 Ann.

131 3254 230 3298 Col.
266 3271 395 3308 max,
434 3257 509 3314 qui
555 3265 596 3300 et
640 3256 721 3314 ipsi
755 3261 919 3301 curiam
962 3259 1174 3304 celebrem
1217 3266 1260 3304 et
1297 3259 1516 3316 famosum
1551 3261 1742 3310 habeam
1794 3263 1957 3306 ibidem

130 3315 294 3372 legitur
326 3319 441 3361 sicut
473 3317 565 3360 fere
599 3317 714 3374 apud
749 3324 968 3361 nostrum:
1008 3317 1124 3373 filius
1155 3323 1448 3376 imperatoris,
1479 3322 1565 3365 rea:
1599 3322 1828 3377 Heinricus
1856 3335 1959 3366 ense

130 3376 317 3421 m'liciae
359 3379 649 3434 accmqendus
691 3381 812 3430 επακ
859 3379 914 3419 de
954 3377 1197 3428 Friderioe,
1244 3380 1338 3423 filio
1376 3382 1572 3431 iuniore,
1618 3390 1806 3439 uterque
1847 3381 1955 3425 nihil

127 3436 282 3486 habet,
317 3452 355 3480 v.
388 3438 503 3481 infra
540 3453 638 3495 pag.
671 3437 743 3480 90.
776 3443 866 3480 not.
897 3437 941 3480 2.
