2193 3641
218 215 296 272 52
388 211 734 271 ARNoLnl
782 183 1672 270 CHRONICA'SLAVORUM.
1747 211 1889 270 ΜΒ.
1934 211 2016 272 11.-

219 381 293 437 de
328 378 586 458 captivis
624 399 735 437 sua
771 377 1146 456 reciperent,
1191 395 1307 433 nec
1346 376 1597 434 omnino
1631 377 1857 457 stipem
1892 377 2048 455 mili-

216 463 299 521 tie
328 482 396 520 se
427 463 655 521 habere
682 480 872 541 posse
898 462 1207 536 dicebant,
1235 458 1284 517 si
1315 479 1530 517 eorum
1559 460 1781 538 captivi
1807 461 1866 518 in
1895 479 2046 520 usus

218 546 456 604 alienos
519 546 901 604 tollerentur.
992 543 1122 602 Hiis
1185 542 1771 602 contradictionibus
1833 563 2046 603 comes

215 630 471 688 Adolfus
519 630 794 687 animum
844 629 1015 687 ducis
1059 627 1333 707 graviter
1377 626 1651 685 irritavit.
1727 627 1801 685 Et
1840 647 1914 685 ex
1946 626 2048 685 illo

215 721 500 792 tempore
544 712 947 771 seminarium
995 709 1302 770 discordie
1348 709 1510 768 inter
1557 729 1666 768 eos
1710 709 2050 789 pullulavit.

215 796 356 875 Ipse
403 804 611 854 autem
659 815 799 853 cum
845 794 979 852 aliis
1030 814 1323 853 reversus
1371 802 1467 852 est
1508 793 1567 850 in
1602 802 1836 852 terram
1870 813 2049 851 suam

218 899 357 937 cum
420 898 758 938 numerosa
839 877 1225 936 multitudine
1290 877 1675 956 captivorum
1739 886 1799 935 et
1858 878 2050 956 preda

220 965 429 1022 multa.
1448 1028 1459 1036 ⁴

349 1052 438 1106 14.
473 1045 559 1104 De
592 1047 900 1103 exustione
931 1042 1463 1103 Halverstadensis
1496 1045 1753 1102 civitatis
1785 1048 1841 1102 et
1863 1045 2051 1119 capti-

218 1132 395 1187 vitate
431 1128 691 1187 Odelrici
723 1130 1002 1206 episcopi.
1090 1126 1413 1187 Odelricus
1448 1134 1658 1185 autern
1691 1127 2049 1186 Halversta-

218 1213 430 1271 densis
495 1233 565 1271 ea
622 1221 1002 1292 tempestate
1050 1211 1362 1291 inpatiens
1422 1210 1684 1290 quietis,
1743 1219 1807 1268 ut
1860 1230 2048 1290 supra

217 1298 447 1355 dictum
484 1305 600 1373 est,
644 1297 778 1354 zelo
823 1294 1046 1354 ductus
1082 1294 1333 1373 antique
1377 1293 1796 1372 emulationis,
1841 1293 2047 1352 multis

216 1380 780 1459 perturbationibus
828 1382 1051 1438 ducem
1084 1378 1438 1436 infestabat.
1494 1378 1670 1436 Unde
1713 1376 2048 1435 ecclesiam

213 1464 381 1522 illam
430 1464 640 1543 gravis
688 1464 926 1522 iactura
972 1461 1141 1520 omni
1192 1481 1307 1519 evo
1356 1463 1669 1540 gemenda
1713 1464 2047 1520 subsecuta

220 1555 332 1604 est.
401 1548 556 1606 Nam
591 1567 730 1606 curn
780 1545 1117 1627 sepissime
1153 1544 1513 1625 eruptiones
1547 1543 1770 1604 fierent
1803 1546 1876 1604 de
1909 1544 2051 1603 Hal-

219 1632 499 1688 verstath
535 1640 595 1690 et
626 1633 699 1689 de
735 1640 938 1690 castro
966 1628 1396 1708 Horneburg1,
1431 1637 1492 1687 et
1517 1631 2050 1688 succenderentur

218 1710 363 1769 ville
407 1714 577 1771 ducis
627 1723 687 1773 et
732 1714 1022 1773 homines
1071 1712 1165 1772 sui
1214 1721 1321 1771 aut
1364 1712 1800 1770 mutilarentur
1846 1719 1950 1769 aut
1989 1711 2050 1768 in

223 1795 644 1873 captivitatem
677 1799 1097 1873 traherentur,
1142 1804 1313 1852 tanta
1356 1803 1706 1853 commotus
1748 1793 2050 1873 inquieta·-

218 1878 410 1954 tione,
458 1880 818 1939 coadunatis
861 1880 1206 1937 amicorum
1253 1896 1511 1935 suorum
1559 1877 1777 1956 turbiS,
1835 1898 1942 1936 eas
1986 1877 2047 1937 in

217 1970 431 2041 partes
465 1961 601 2019 illas
634 1963 824 2039 misit,
858 1971 923 2020 ut
955 1962 1005 2020 si
1038 1968 1301 2040 possent
1332 1960 1600 2019 debitam
1625 1961 1890 2021 inimicis
1919 1961 2047 2021 suis

220 2046 644 2124 rependerent
673 2045 990 2102 talionem.
1048 2046 1365 2103 Abeuntes
1409 2064 1558 2122 ergo
1593 2045 1954 2105 exustiones
1989 2053 2051 2104 et

221 2128 702 2208 depredationes
737 2128 1018 2185 villarum
1052 2126 1278 2185 multas
1305 2128 1607 2204 fecerunt,
1638 2137 1699 2187 et
1722 2128 2050 2188 venientes

220 2212 616 2289 Halverstad,
664 2211 798 2270 sine
844 2210 1118 2289 periculo
1159 2209 1364 2268 invitis
1409 2211 1692 2271 hostibus
1735 2211 2050 2270 civitatem

221 2295 640 2376 optinuerunt.
723 2295 905 2352 Facta
940 2293 1125 2371 igitur
1157 2292 1543 2352 discursione
1586 2295 1820 2354 civibus
1867 2294 2052 2374 capti-

221 2380 402 2457 vatiS,
430 2380 628 2459 spolia
657 2377 845 2436 multa
875 2383 1274 2468 acceperunt,
1299 2379 1445 2434 urbe
1474 2378 1675 2436 adhuc
1699 2378 1899 2453 illesa,
1926 2398 2043 2457 que

220 2463 488 2542 undique
514 2463 724 2521 clausa
749 2470 811 2520 et
836 2459 1070 2519 munita
1100 2467 1253 2536 erat,
1279 2459 1337 2515 in
1368 2480 1487 2537 qua
1513 2463 1780 2519 domnus
1806 2461 2044 2541 episco-

216 2568 334 2626 pus
381 2567 520 2605 cum
571 2544 962 2605 multitudine
1009 2551 1389 2602 armatoium
1435 2543 1830 2603 consistebat.
1903 2545 2042 2604 Pro·

216 2631 486 2689 videntia
523 2651 668 2689 vero
710 2630 958 2708 civium,
1007 2627 1107 2707 qui
1149 2625 1495 2719 peliculurn
1530 2627 1795 2686 incendii
1826 2628 2045 2688 timue-

217 2723 375 2790 rant,
424 2715 746 2793 provisum
794 2722 946 2789 erat,
991 2720 1058 2769 ut
1103 2710 1265 2789 ignis
1314 2710 1372 2768 in
1422 2710 1667 2769 civitate
1716 2731 1833 2770 non
1873 2712 2040 2772 inve-

219 2796 469 2854 niretur.
537 2799 664 2855 Nec
709 2798 972 2856 multum
1019 2799 1094 2854 ab
1128 2793 1411 2852 hostibus
1448 2797 1820 2873 quetebatur
1855 2795 2041 2889 igniS,

219 2898 292 2936 eo
329 2882 487 2957 quod
514 2889 766 2959 propter
791 2878 1269 2939 sanctimoniam
1294 2876 1412 2934 loci
1442 2885 1770 2956 parcerent
1795 2876 2041 2939 civitati.

219 2962 499 3053 Cumque
533 2983 693 3021 unus
726 2963 784 3020 in
818 2964 953 3021 loco
988 2964 1255 3042 quodam
1293 2968 1677 3020 contutatum
1712 2958 1923 3037 ignem
1955 2961 2041 3019 in-

115 3082 129 3087 -
218 3044 516 3121 venisset,
551 3065 624 3103 ex
660 3065 732 3103 eo
767 3047 1044 3105 casulam
1082 3045 1390 3137 quandam
1418 3042 1710 3121 incendit,
1746 3050 1806 3100 et
1831 3043 2039 3103 statim

64 3149 194 3191 1179
219 3137 542 3188 crescente
574 3128 858 3188 incendio
895 3138 1019 3187 tota
1054 3129 1269 3188 civitas
1307 3129 1584 3207 contlagi
1589 3135 1688 3185 ata
1718 3134 1834 3204 est,
1858 3126 1941 3185 ita
1974 3136 2040 3186 ut

76 3208 196 3266 5091·
217 3219 343 3268 tota
376 3212 434 3268 in
471 3212 740 3270 favillam
775 3212 1162 3291 redigeretur
1178 3211 1216 3270 ².
1290 3212 1585 3292 Capitalis
1621 3209 1805 3268 etiam
1842 3211 2036 3270 eccle-

95 3271 167 3314 23.

220 3293 310 3352 sia
354 3295 513 3353 beati
548 3296 847 3376 Stephani
885 3305 943 3355 et
975 3299 1154 3355 beate
1187 3295 1298 3354 Dei
1334 3294 1652 3375 genitricis
1679 3292 1867 3351 Marie
1894 3313 2034 3354 cum

220 3389 257 3446 1)
293 3388 438 3447 Prope
473 3392 652 3436 fluvium
689 3393 773 3437 lise
804 3395 850 3436 in
884 3394 1131 3452 principatu
1159 3393 1468 3437 Halberstadt.
1590 3391 1634 3448 2)
1659 3389 1785 3435 1179.
1815 3390 1935 3449 Sept.
1959 3393 2034 3436 23.
