2193 3641
0 3055 4 3095 ἓ

0 3281 14 3469 ,Ξ

0 3474 13 3521 ἓ

2 3536 4 3554 l
11 3534 14 3556 i

99 274 444 334 ARNOLDI
489 274 883 334 CHRONlCA
923 273 1363 334 SLAVORUM.
1427 275 1570 334 LlB.
1600 278 1667 333 V.
1766 278 1877 336 159

74 444 286 523 sepius
320 443 652 519 facienteS,
685 441 1185 520 depredationeS,
1229 443 1547 502 latrocinia
1585 444 1642 502 in
1677 465 1879 503 come-

74 528 154 584 tia
186 526 476 585 Stadensi
511 525 800 582 continue
834 524 1157 582 faciebant.

207 615 297 669 11.
329 608 417 666 De
448 611 724 684 episcopo
757 607 1086 666 Lubicensi.
1145 608 1310 667 Inter
1342 610 1458 667 hec
1493 610 1676 668 etiam
1714 612 1882 668 dom·

75 712 223 751 num
259 693 622 772 episcopum
655 691 1067 750 Lubicensem
1093 692 1488 752 Thidericum
1515 714 1635 752 non
1664 715 1883 773 parum

75 779 437 855 gravabant,
474 774 1057 854 preposituramque
1092 775 1151 833 in
1178 776 1432 836 Kevena
1461 778 1751 836 continue
1787 799 1885 835 va—

77 863 337 917 stabant.
380 859 696 937 Siquidem
715 859 1063 936 Hartwigus
1087 859 1445 919 Bremensis
1474 862 1887 941 archiepisco-

79 962 217 1020 pus,
259 941 359 1020 qui
404 949 549 999 tunc
582 963 613 999 a
648 942 1092 1001 Bremensibus
1144 943 1378 1002 eiectus
1413 947 1631 1003 ducem
1669 965 1886 1024 seque-

80 1029 275 1102 batur,
325 1024 620 1105 episcopo
668 1025 972 1083 molestus
1019 1036 1167 1084 erat.
1241 1027 1395 1098 Quia
1440 1028 1602 1087 idem
1651 1030 1887 1108 episco-

79 1128 193 1187 pus
220 1109 665 1168 Bremensibus
701 1118 953 1188 propter
985 1108 1171 1168 fidem
1206 1111 1447 1189 imperii
1476 1112 1887 1169 familiaritate

80 1192 370 1249 astrictus
418 1193 636 1269 fuerat,
686 1195 760 1250 de
793 1191 1018 1250 Brema
1064 1193 1248 1250 etiam
1295 1195 1614 1270 oriundus,
1660 1195 1718 1252 in
1755 1195 1887 1274 ipsa

82 1274 328 1332 civitate
369 1275 592 1332 fratres
636 1283 696 1331 et
735 1285 1036 1353 cognatos
1072 1276 1299 1335 multos
1331 1278 1620 1355 habebat,
1659 1278 1890 1358 ipsum·

82 1378 200 1438 que
227 1358 765 1438 archiepiscopum
787 1378 860 1416 ex
884 1359 1049 1416 linea
1076 1361 1632 1439 consanguinitatis
1661 1362 1892 1419 contin-

81 1441 321 1520 gebat1.
366 1442 891 1520 Archiepiscopus
917 1451 1158 1522 tamen,
1201 1445 1893 1523 consanguinitatisim-

83 1545 362 1601 memor,
418 1526 472 1582 ei
537 1545 657 1582 non
702 1528 1029 1604 parcebat,
1078 1527 1293 1584 volens
1344 1548 1375 1584 a
1421 1537 1583 1585 statu
1639 1548 1750 1586 suo
1797 1547 1894 1584 ca—

87 1608 305 1666 nonica
343 1608 741 1665 eumiustitia
789 1609 1057 1683 deicere,
1107 1629 1221 1666 nec
1270 1618 1524 1689 poterat.
1598 1613 1660 1670 ln
1696 1611 1894 1670 Lune—

85 1692 275 1751 burch
317 1700 526 1749 tamen
579 1691 839 1770 positus,
894 1692 1254 1770 frequenter
1297 1714 1437 1752 eum
1474 1695 1650 1774 quasi
1684 1696 1756 1753 ad
1793 1715 1895 1753 au-

87 1774 381 1832 dientiam
429 1796 540 1853 per
587 1774 885 1853 epistolas
932 1775 1154 1834 citavit.
1232 1777 1366 1847 Quo
1402 1798 1542 1837 cum
1590 1779 1689 1837 ille
1725 1788 1891 1837 extra

88 1858 388 1916 terminos
438 1858 829 1936 episcopales
875 1858 1034 1917 inter
1065 1860 1353 1919 homines
1398 1864 1661 1920 adverse
1705 1864 1894 1942 partis

88 1940 303 1999 venire
348 1961 469 1998 non
516 1945 792 2018 auderet,
849 1944 1268 2021 peremptorie
1319 1964 1461 2002 eum
1508 1946 1737 2022 citavit,
1786 1948 1894 2004 sed

89 2044 209 2082 non
246 2024 559 2082 iudiciario
593 2025 830 2103 ordine,
877 2026 1017 2104 quia
1052 2027 1220 2105 prius
1262 2027 1508 2106 citatus,
1557 2049 1694 2087 cum
1730 2030 1897 2087 indu-

88 2107 215 2167 cias
250 2109 322 2165 ad
360 2108 836 2166 determinatam
869 2109 1029 2166 diem
1067 2113 1141 2169 ab
1177 2130 1249 2168 eo
1284 2112 1658 2192 accepisset,
1691 2113 1894 2193 ipsum

87 2192 423 2249 terminum
459 2191 912 2270 archiepiscopi
940 2191 1144 2251 citatio
1176 2196 1480 2273 prevenit,
1513 2204 1574 2254 et
1607 2216 1748 2254 cum
1774 2217 1893 2254 non

89 2274 391 2350 venisset,
423 2275 482 2331 in
524 2275 824 2354 colloquio
852 2275 1180 2353 Mindensi,
1215 2280 1373 2357 quod
1414 2278 1575 2336 inter
1599 2280 1803 2360 ipsum
1839 2290 1899 2339 et

89 2357 469 2418 Bremenses
508 2359 954 2436 celebrabatur,
999 2362 1605 2421 excommunicatum
1641 2383 1781 2423 eum
1812 2365 1899 2422 fu-

90 2442 255 2500 riose.
302 2443 747 2522 pronunciavit.
827 2443 1028 2514 Quam
1085 2447 1461 2504 sententiam
1515 2446 1895 2506 Bremenses

93 2524 327 2583 aridam
351 2536 424 2584 -et
457 2545 807 2604 exanguem
845 2527 1292 2604 clamaverunt,
1339 2549 1478 2586 cum
1512 2550 1629 2588 nec
1663 2531 1900 2609 episco-

92 2627 209 2686 pus
241 2609 949 2668 excommunicationem
987 2611 1304 2688 meruerit,
1340 2620 1400 2669 et
1433 2611 1567 2689 ipse
1602 2614 1775 2691 quasi
1804 2614 1897 2671 sui

92 2689 295 2768 impos
331 2692 530 2769 magis
564 2692 817 2751 iudicari
847 2713 1033 2771 quam
1066 2693 1337 2751 iudicare
1362 2695 1617 2753 venerit.
1676 2697 1897 2755 Postea

92 2780 301 2832 tamen
344 2793 455 2851 per
497 2777 789 2833 domnum
830 2774 1161 2850 Cynthium
1209 2777 1608 2856 cardinalem,
1657 2780 1757 2859 qui
1797 2782 1900 2838 de-

92 2855 335 2933 legatus
362 2855 422 2912 in
449 2857 703 2916 Daciam
731 2866 791 2915 et
815 2857 957 2914 inde
983 2877 1276 2918 reversus
1302 2860 1593 2920 Bremam
1624 2873 1900 2940 venerat,

94 2937 231 3016 ipsa
264 2939 573 2997 sententia
609 2949 908 2998 evacuata
936 2949 1032 3000 est
1049 2939 1088 3000 ².
1137 2944 1403 3002 Posthec
1427 2945 1754 3005 Heinricus
1781 2950 1898 3005 dux

95 3020 326 3098 iunior,
369 3022 638 3080 Heinrici
686 3023 857 3082 ducis
903 3022 1099 3102 filius,
1149 3028 1476 3086 cometiam
1523 3028 1713 3088 Stadii
1758 3051 1897 3089 cum

98 3104 486 3182 expeditione
529 3105 796 3185 intravit,
839 3107 897 3165 in
934 3108 1106 3167 cuius
1142 3111 1438 3169 comitatu
1485 3113 1900 3192 archiepisco-

97 3228 137 3286 1)
171 3227 308 3273 Natus
351 3240 443 3274 erat
475 3231 738 3277 Tbidericus
783 3250 834 3278 ex
866 3234 1080 3279 Hartwici
1124 3252 1276 3282 sorore
1312 3237 1598 3286 Mechthildi3
1645 3253 1683 3281 v.
1716 3247 1902 3281 stemma

95 3287 212 3334 Anu.
247 3288 457 3335 Stadens.
502 3295 700 3336 additum
746 3310 842 3337 cum
880 3297 1205 3353 explanatione.
1356 3299 1400 3353 2)
1436 3298 1604 3341 Confer
1637 3301 1691 3341 de
1727 3298 1897 3349 Gentio,

95 3349 222 3401 titulo
255 3349 302 3394 S.
341 3350 564 3396 Laurentii
608 3355 652 3397 in
684 3353 851 3398 Lucina
895 3357 1155 3414 presbytero
1198 3358 1427 3410 cardinali,
1470 3359 1742 3416 apostolicae
1781 3360 1899 3402 sedis

96 3407 253 3512 {jegago’
288 3409 529 3515 Ctgggstini
563 3428 704 3471 papae
737 3415 931 3472 diploma
967 3419 1055 3463 dat.
1092 3417 1222 3461 1195.
1266 3417 1396 3463 Mart.
1431 3418 1473 3464 3.
1518 3418 1680 3463 [lamb.
1715 3418 1900 3464 Urkun-

127 3483 180 3514 en
218 3503 228 3515 .
262 3487 306 3515 n.
434 3505 444 3517 .
