2193 3641
201 266 323 325 290
411 261 756 323 ARNOLDI
788 260 1184 323 CHRONICA
1215 258 1653 321 SLAVORUM.
1720 256 1864 319 LIB.
1895 257 2014 323 Vll.

50 428 510 491 1209.0rdinatis
558 428 744 510 igitur
786 428 866 489 ibi
904 427 1114 488 multis
1154 425 1422 508 negotiis
1471 435 1531 486 et
1560 423 1806 486 firmata
1836 446 2014 508 pace,

196 513 355 573 sicut
385 512 444 571 in
480 513 764 574 omnibus
799 513 984 573 curiis
1016 511 1409 593 supradictis,
1455 512 1720 571 domnus
1762 530 1871 570 rex
1901 530 2013 592 pro

197 597 452 674 speciali
485 597 747 677 negocio
773 596 1115 678 assumptis
1148 604 1387 655 tantum
1414 593 1848 675 cardinalibuS,
1881 614 2015 675 pre·

192 680 334 740 latis
385 689 445 740 et
490 680 905 762 principibus,
957 680 1381 740 sacerdotibus
1438 698 1579 738 cum
1621 677 1906 739 litteratis
1953 686 2016 738 et

190 765 351 845 legis
384 764 598 845 peritis
631 767 705 824 de
730 763 1170 844 legitimanda¹
1197 763 1251 823 ei
1275 761 1399 822 filia
1424 761 1685 844 Philippi
1709 760 1900 842 regis,
1926 761 2016 821 sic

195 849 481 908 omnibus
526 849 905 928 generaliter
950 867 1210 908 exorsus
1254 854 1382 906 est:
1461 846 1773 925 Royamus
1809 864 2013 905 omnes

191 951 299 991 vos
344 934 403 992 in
432 930 714 1009 DominO,
750 934 952 1010 primo
997 929 1361 1008 cardinales,
1407 932 1508 1009 qui
1539 928 1612 989 de
1654 931 2014 988 auctoritate

191 1018 313 1075 sive
359 1016 609 1075 consilio
657 1015 864 1076 domni
895 1014 1215 1093 apostolici
1245 1013 1489 1092 adestis,
1533 1032 1802 1073 summos
1833 1014 2012 1072 etiam

194 1099 697 1178 archiepiscopos,
726 1101 1057 1177 episcopos,
1088 1097 1340 1157 abbates
1371 1102 1428 1156 et
1453 1096 1631 1175 alios,
1663 1115 1816 1176 quos
1833 1095 2013 1155 eccle-

191 1186 474 1243 siasticus
516 1182 668 1243 ordo
719 1182 968 1242 diversis
1009 1181 1306 1262 qradibus
1349 1179 1688 1258 distinquit,
1729 1179 2011 1239 excellen-

190 1270 339 1327 tiam
383 1287 617 1348 quoque
658 1287 886 1347 reyum,
929 1265 1171 1345 ducum,
1205 1267 1567 1344 principum,
1597 1269 1670 1322 ut
1694 1263 1875 1323 verba
1904 1283 2012 1323 no-

191 1357 322 1410 stra
344 1351 688 1413 attendatis.
741 1351 903 1411 Deus
924 1350 1033 1410 celi
1052 1355 1201 1428 post
1211 1348 1434 1408 multas
1458 1347 1852 1408 adversitates
1875 1365 2012 1406 cum

194 1435 563 1514 beneplacito
599 1438 866 1495 omnium
900 1454 1149 1514 reqnum
1176 1433 1350 1493 nobis
1381 1431 1647 1511 donavit,
1678 1434 1765 1490 ita
1795 1435 2012 1490 utnon

192 1521 484 1579 immerito
532 1539 668 1579 cum
709 1521 1053 1599 gratiarum
1098 1520 1332 1577 actione
1369 1519 1420 1575 ei
1450 1515 1646 1575 dicere
1671 1516 2011 1593 possimus:

189 1604 511 1686 Lapidem,
539 1624 723 1684 quem
756 1606 1247 1684 reprobaverunt
1272 1600 1653 1678 edificantes,
1683 1599 1785 1658 hic
1808 1599 2008 1658 factus

192 1698 288 1748 est
333 1689 393 1747 in
439 1697 622 1769 caput
667 1686 937 1768 angu1i2.
995 1685 1045 1745 A
1072 1685 1331 1746 Domino
1375 1686 1609 1756 factum
1650 1688 1739 1742 est
1762 1680 1924 1742 istud
1955 1686 2014 1741 et

191 1778 280 1831 est
304 1771 580 1831 mirabile
619 1775 680 1832 in
712 1770 902 1831 oculis
931 1772 1171 1830 nostris.
1250 1767 1425 1843 Quod
1456 1786 1591 1826 cum
1619 1765 1751 1826 luce
1780 1765 2009 1826 clarius

187 1863 421 1917 constet
453 1856 747 1935 omnibuS,
785 1861 842 1915 et
879 1857 1040 1933 optio
1087 1853 1262 1914 nobis
1290 1872 1412 1912 non
1444 1850 1599 1910 desit
1625 1849 1698 1909 de
1726 1849 2005 1909 illustris-

185 1945 354 2001 simis
397 1942 669 2019 feminis,
721 1959 875 2019 quas
917 1939 1100 1998 habet
1139 1937 1302 1997 orbis
1342 1936 1673 2013 Romanus,
1719 1954 1747 1993 e
1790 1933 2005 2014 quibus

186 2045 476 2103 sponsam
514 2027 636 2084 sive
679 2026 990 2102 coniuyem
1033 2021 1244 2100 eliqere
1267 2022 1592 2098 possimus,
1633 2024 1831 2077 tamen
1861 2018 2005 2097 quia

188 2115 315 2168 tam
348 2109 592 2168 celebris
622 2112 942 2167 conventus
963 2104 1187 2184 pendet
1212 2104 1285 2163 de
1316 2102 1576 2163 articulo
1608 2101 1726 2176 filie
1746 2099 2004 2178 Philippi

187 2192 359 2253 ducis
384 2192 613 2271 Suevie,
644 2211 829 2271 quam
858 2196 1136 2250 nostram
1161 2189 1672 2265 consanguineam
1695 2204 1867 2244 nemo
1892 2183 2002 2242 du·

188 2277 354 2356 bitat,
397 2282 588 2336 vestro
619 2295 732 2335 nos
761 2274 1160 2334 submittimus
1192 2271 1444 2330 arbitrio
1484 2272 1606 2329 sive
1636 2267 1907 2347 consilio,
1938 2272 2008 2326 ut

187 2363 359 2420 iuxta
388 2360 647 2419 salutem
677 2361 1023 2417 animarum
1038 2361 1376 2415 vestrarum
1405 2355 1630 2413 sincere
1653 2351 2002 2429 deliberetis,

189 2448 352 2503 omni
390 2442 675 2519 scrupulo
710 2443 1046 2519 postposito
1089 2441 1325 2511 favoris
1373 2439 1494 2497 sive
1535 2438 1802 2514 timoris,
1859 2433 2005 2514 quid

187 2528 361 2587 nobis
390 2546 568 2604 super
600 2525 713 2584 hoc
757 2527 837 2584 sit
874 2522 1241 2596 faciendum.
1318 2521 1386 2580 Si
1426 2523 1578 2580 enim
1617 2539 1722 2579 sex
1760 2517 2002 2577 milibus

189 2632 489 2671 annorum
520 2611 736 2669 victuri
766 2628 1045 2687 essemuS,
1073 2609 1270 2685 mayis
1302 2607 1464 2665 omni
1480 2610 1742 2681 tempore
1760 2601 2000 2662 celibem

189 2695 534 2773 eliyeremus
579 2692 795 2752 ducere
835 2694 1050 2769 vitam,
1095 2710 1275 2770 quam
1321 2708 1455 2748 cum
1499 2689 1696 2747 anime
1727 2684 1999 2763 periculo

188 2781 396 2837 sortiri
424 2797 690 2837 uxorem.
737 2775 924 2835 Nemo
939 2775 1223 2853 yloriam,
1238 2774 1711 2852 qenerositatem,
1736 2769 2000 2846 divitias,

191 2869 399 2921 castra
424 2862 601 2921 huius
624 2861 870 2937 viryinis
898 2857 1190 2935 attendat,
1221 2875 1332 2937 que
1363 2856 1567 2915 omnia
1593 2853 1780 2913 saluti
1805 2853 2002 2911 anime

192 2948 541 3025 equiparari
580 2964 703 3004 non
739 2948 1013 3020 possunt.
1079 2941 1206 3000 Hec
1251 2942 1403 2999 enim
1449 2940 1653 2998 omnia
1689 2935 2000 2995 nobiscum

190 3036 347 3088 sunt.
413 3029 480 3088 Si
502 3048 640 3088 vero
665 3029 800 3104 ipsa
825 3032 1029 3086 castra
1054 3026 1174 3086 350
1204 3022 1643 3082 distribuantur
1668 3018 2002 3096 sororibus,

191 3131 344 3191 quas
384 3113 487 3172 hec
531 3112 818 3188 continyit
860 3108 1178 3186 hereditas,
1217 3125 1442 3184 parum
1486 3110 1573 3163 est
1598 3101 1762 3183 quod
1791 3106 1996 3161 restat.

188 3195 361 3255 Nunc
405 3198 606 3275 iyitur,
653 3199 722 3252 ut
748 3193 971 3252 dictum
1016 3197 1118 3270 est,
1162 3209 1342 3267 super
1382 3189 1495 3248 hoc
1541 3186 1893 3263 deliberetis,
1935 3188 2004 3242 ut

189 3299 523 3358 con-qruum
552 3278 725 3338 nobis
756 3295 1108 3354 responsum
1131 3272 1423 3333 reddatis
1488 3270 1788 3332 Omnibus
1816 3268 1998 3347 igitur

186 3366 260 3423 ad
295 3362 665 3444 colloquium
691 3361 894 3419 locum
921 3359 1225 3433 dantibuS‚
1259 3376 1367 3416 rex
1398 3354 1481 3414 ait
1512 3353 1683 3413 fratri
1709 3349 1994 3412 Heinrico

187 3473 227 3533 1)
260 3475 289 3520 i.
323 3489 362 3519 e.
396 3475 590 3534 legitime
623 3476 887 3534 sponsanda.
1009 3471 1055 3520 2)
1090 3468 1170 3514 Ev.
1203 3467 1360 3513 Matth.
1392 3466 1467 3520 21,
1500 3466 1574 3510 42.
