2193 3641
277 141 351 197 18
438 130 784 193 ARNOLDI
833 128 1213 190 CHRONICA
1258 127 1698 188 SLAVORUM.
1773 128 1918 188 LlB.
1963 129 2006 189 Ι.

121 316 454 382 umquem
499 319 574 359 ex
618 298 708 358 eis
741 315 963 377 rapere
997 293 1370 374 potuissent,
1412 302 1471 352 et
1517 293 1607 353 sic
1637 294 1795 354 illesi
1827 293 2096 354 transito·

270 402 526 443 nemore
553 387 891 442 tenuerunt
924 377 1236 437 civitatem
1269 375 1580 436 Niceam¹.
1627 376 1877 438 Ubidux
1897 377 2091 438 hono·

269 466 438 527 rifice
472 473 802 546 susceptus
838 470 956 536 est7
990 469 1051 520 et
1082 458 1431 518 lautissime
1458 459 1874 520 ministratum
1901 468 1999 521 est
2032 460 2088 520 ei

270 560 330 609 et
355 549 641 609 omnibus
673 547 803 607 suis
830 548 905 605 de
931 545 1218 624 impensa
1244 542 1435 622 regia.
1483 541 1630 602 lnde
1657 545 1955 604 deductus
1990 550 2096 603 est

265 631 746 711 Andernopolim
764 629 809 707 ²,
842 628 1063 688 deinde
1085 624 1495 706 Vinopolim³‚
1529 634 1590 684 et
1620 625 1703 685 ita
1733 626 1996 707 profecti
2025 625 2091 685 in

265 735 607 795 parasceue
640 719 947 772 venerunt
979 730 1173 790 prope
1206 709 1827 790 Constantinopolim.
1879 708 2094 789 Ibique

268 799 651 858 celebrantes
732 794 1105 854 dominicam
1179 792 1544 872 passionem
1636 801 1698 852 et
1763 794 2088 852 sabbatum

138 882 586 958 Aer-sanctum,
626 898 811 939 mane
854 878 915 935 in
969 876 1066 935 die
1110 875 1608 954 resurrectionis,
1654 874 1926 956 peractis
1967 875 2096 935 sol·

206 975 215 985 ·
266 963 596 1042 lempniter
642 959 955 1038 mysteriis
1005 967 1064 1017 et
1121 959 1377 1038 prandio
1420 959 1615 1037 fact07
1669 961 2092 1020 ascenderunt

268 1045 500 1104 curiam
533 1044 718 1123 regis.
787 1042 1165 1102 premiserat
1206 1050 1413 1101 autem
1449 1044 1569 1101 dux
1602 1061 1861 1102 munera
1894 1040 2088 1102 multa

268 1137 329 1186 et
361 1127 592 1207 optima
623 1127 788 1184 iuxta
821 1145 1062 1185 rnorem
1094 1134 1259 1185 terre
1293 1133 1530 1203 nostre7
1564 1145 1759 1205 equos
1793 1123 2093 1206 pulcerri-

266 1231 402 1270 mos
452 1210 706 1269 sellatos
756 1217 816 1267 et
849 1209 1129 1285 vestitoS‚
1170 1208 1419 1287 loricas7
1461 1209 1724 1289 gladios,
1767 1216 1979 1269 vestes
2010 1209 2094 1268 de

267 1293 583 1354 scarlacco
618 1300 677 1352 et
710 1299 922 1351 vestes
952 1291 1153 1350 lineas
1185 1291 1610 1351 tenuissimas,

388 1409 443 1466 4.
503 1402 820 1479 Quomodo
859 1423 965 1463 rex
1010 1402 1221 1463 ducem
1263 1405 1323 1463 in
1360 1423 1471 1464 suo
1513 1406 1885 1482 suscepisset.
1954 1404 2086 1463 Rex

263 1490 448 1568 igitur
478 1488 726 1548 indutus
767 1496 986 1547 ornatu
1012 1487 1186 1568 regio
1215 1506 1355 1546 cum
1395 1488 1657 1548 summis
1690 1484 2088 1567 pontificibus

267 1580 329 1629 et
352 1570 728 1650 principibus
757 1580 817 1630 et
840 1571 1238 1651 optimatibus
1264 1572 1725 1651 prestolabatur
1747 1571 2086 1629 adventum

265 1653 454 1712 ducis.
529 1653 676 1711 Erat
721 1663 928 1712 autem
972 1653 1031 1711 in
1079 1655 1300 1712 eodem
1343 1653 1478 1712 loco
1524 1651 1690 1711 curia
1734 1650 2087 1713 venationis

263 1734 566 1794 latissima
602 1743 662 1794 et
691 1734 1080 1814 planissima,
1120 1742 1398 1812 murata3
1447 1742 1510 1793 et
1539 1735 1612 1793 ad
1647 1737 2082 1801 ostentandam

265 1817 530 1895 gloriam
576 1817 922 1876 divitiarum
971 1836 1227 1877 suarum
1260 1825 1628 1897 preceperat
1656 1837 1761 1878 rex
1794 1817 2086 1900 principi·

265 1904 380 1960 bus
415 1908 476 1958 et
506 1899 902 1979 optimatibus
932 1900 1083 1977 suis,
1116 1908 1181 1957 ut
1216 1919 1437 1959 omnes
1465 1899 1606 1959 huic
1638 1901 2081 1983 sollempnitati

264 1983 664 2041 interessent.
737 1982 995 2040 Videres
1040 1981 1227 2061 igitur
1268 1981 1391 2041 illic
1443 1983 1706 2043 tentoria
1752 1983 2081 2044 innumera

266 2073 496 2141 erecta,
542 2063 797 2143 bissina,
843 2083 1177 2144 purpurea,
1220 2084 1359 2124 cum
1392 2066 1692 2146 capitibus
1740 2066 1970 2147 aureis,
2020 2075 2084 2127 et

266 2168 374 2227 pro
404 2146 890 2228 uniuscuiusque
915 2146 1378 2228 magnificentia
1402 2149 1569 2209 vario
1596 2151 1819 2209 decore
1844 2159 2082 2210 ornata.
2151 2157 2155 2161 '

267 2230 529 2291 Veniens
578 2230 764 2311 igitur
805 2233 922 2290 dux
970 2231 1243 2311 gloriose
1287 2241 1621 2313 susceptus
1665 2241 1781 2312 est,
1829 2241 1891 2292 et
1936 2233 2077 2315 quia

263 2314 679 2395 processionis
727 2314 1158 2395 sollempnitas
1204 2315 1495 2394 instabat,
1548 2319 1925 2398 procedebat
1968 2337 2077 2378 rex

259 2417 399 2457 cum
433 2400 605 2457 duce.
681 2399 827 2458 Erat
867 2407 1077 2457 autem
1126 2408 1318 2458 strata
1365 2399 1587 2459 semita
1637 2402 1903 2481 quedam
1947 2408 2075 2461 tota

258 2500 567 2561 purpurea
612 2489 673 2540 et
703 2483 974 2560 desuper
1017 2489 1181 2539 tecta
1215 2480 1588 2560 aurifrigiis⁴
1632 2493 1692 2542 et
1723 2492 1937 2543 ornata
1972 2504 2078 2544 au·

255 2563 378 2622 reis
427 2563 817 2642 lampadibus
863 2570 924 2620 et
964 2562 1228 2622 coronis.
1299 2564 1474 2623 Hanc
1518 2564 1844 2626 incedebat
1891 2566 2076 2627 statio

258 2645 621 2704 clericorum
650 2641 1111 2724 etpontificum3
1131 2655 1552 2727 prosequente
1572 2666 1722 2726 rege
1747 2668 1888 2708 cum
1916 2651 2076 2710 duce

258 2734 319 2784 et
351 2727 641 2786 militibus
684 2734 923 2785 tantum
970 2727 1338 2809 peregrinis.
1415 2730 1490 2789 Et
1529 2728 1612 2788 ita
1652 2733 2076 2809 procedebant

256 2810 329 2867 ad
364 2808 694 2868 tentorium
729 2828 1010 2889 aureum,
1044 2814 1203 2891 quod
1234 2820 1432 2871 totum
1465 2811 1780 2870 incanduit
1802 2812 2075 2890 gemmis

257 2947 298 3006 1)
329 2947 520 3001 Nisum,
554 2951 779 3007 quondam
813 2948 992 2995 Naissus
1027 2951 1206 2996 dictam.
1331 2951 1375 3009 2)
1403 2951 1739 3010 Adrianopolis,
1773 2966 1906 3010 quam
1940 2955 1971 2997 l.
1994 2952 2074 2998 lv.

255 3023 291 3051 c.
330 3009 398 3053 10.
446 3009 739 3066 Andropolim
774 3012 989 3055 nominat.
1113 3011 1157 3066 3)
1193 3010 1422 3070 Vinopolis
1440 3011 1631 3065 hicnon,
1664 3012 1777 3057 sicut
1804 3011 1918 3057 inl'ra
1939 3012 1970 3057 l.
1991 3011 2072 3059 lv.

254 3083 290 3111 c.
320 3068 361 3112 9.
397 3076 546 3126 aperte
577 3069 913 3127 intelligendum
948 3078 1029 3124 est,
1073 3068 1391 3130 Philippopolis
1425 3086 1523 3117 esse
1556 3080 1711 3130 potest,
1755 3075 1833 3117 sed
1867 3086 1949 3130 pro
1981 3086 2071 3132 op-

252 3128 355 3185 pido
388 3131 578 3186 quodam
611 3145 860 3188 synonymo
906 3131 1023 3175 inter
1052 3129 1391 3191 Adrianopolim
1433 3140 1476 3177 et
1510 3131 1940 3190 Constantinopolim
1983 3134 2067 3178 sito

251 3187 452 3233 habenda
486 3204 582 3234 esse
615 3190 802 3241 videtur,
836 3190 922 3234 nisi
957 3190 1157 3237 confudit
1188 3200 1341 3238 noster
1372 3207 1472 3239 cum
1498 3191 1754 3252 Chariopoli
1782 3199 1860 3236 ant
1885 3193 2066 3237 omnino

249 3250 424 3293 erravit.
573 3250 617 3307 4)
650 3249 895 3309 Aurisrigia
928 3260 1029 3296 sunt
1054 3253 1245 3311 stragula
1279 3253 1438 3308 serica,
1483 3252 1675 3312 Phrygio
1706 3267 1841 3311 opere
1872 3252 1988 3298 tacu
2020 3261 2070 3299 et

249 3323 356 3354 auro
389 3310 636 3355 intertexta.
691 3311 896 3369 Banqerl.
