<?xml version="1.0" encoding="UTF-8"?>
<!DOCTYPE html PUBLIC "-//W3C//DTD XHTML 1.0 Transitional//EN"
    "http://www.w3.org/TR/xhtml1/DTD/xhtml1-transitional.dtd">
<html xmlns="http://www.w3.org/1999/xhtml" xml:lang="en" lang="en">
 <head>
  <title>
</title>
<meta http-equiv="Content-Type" content="text/html;charset=utf-8" />
  <meta name='ocr-system' content='tesseract 3.04.00' />
  <meta name='ocr-capabilities' content='ocr_page ocr_carea ocr_par ocr_line ocrx_word'/>
</head>
<body>
  <div class='ocr_page' id='page_1' title='image "arnoldichronicas00arnouoft_0018.png"; bbox 0 0 2193 3641; ppageno 0'>
   <div class='ocr_carea' id='block_1_1' title="bbox 254 196 1797 266">
    <p class='ocr_par' dir='ltr' id='par_1_1' title="bbox 254 196 1797 266">
     <span class='ocr_line' id='line_1_1' title="bbox 254 196 1797 266; baseline -0.006 0"><span class='ocrx_word' id='word_1_1' title='bbox 254 210 327 266; x_wconf 90' lang='lat'><em>10</em></span> <span class='ocrx_word' id='word_1_2' title='bbox 509 202 855 264; x_wconf 82' lang='lat' dir='ltr'><strong>ARNOLDI</strong></span> <span class='ocrx_word' id='word_1_3' title='bbox 904 199 1308 261; x_wconf 84' lang='lat' dir='ltr'>CHRONICA</span> <span class='ocrx_word' id='word_1_4' title='bbox 1353 196 1797 258; x_wconf 74' lang='lat' dir='ltr'><strong>SLAVORUM.</strong></span> 
     </span>
    </p>
   </div>
   <div class='ocr_carea' id='block_1_2' title="bbox 234 362 2126 3022">
    <p class='ocr_par' dir='ltr' id='par_1_2' title="bbox 242 362 2069 1195">
     <span class='ocr_line' id='line_1_2' title="bbox 245 362 2064 450; baseline -0.005 -20"><span class='ocrx_word' id='word_1_5' title='bbox 245 375 432 450; x_wconf 76' lang='lat' dir='ltr'><em>qenii,</em></span> <span class='ocrx_word' id='word_1_6' title='bbox 471 376 685 448; x_wconf 86' lang='lat' dir='ltr'><em>potens</em></span> <span class='ocrx_word' id='word_1_7' title='bbox 730 372 791 428; x_wconf 89' lang='lat' dir='ltr'><em>in</em></span> <span class='ocrx_word' id='word_1_8' title='bbox 837 368 1059 445; x_wconf 86' lang='lat' dir='ltr'><em>verbis,</em></span> <span class='ocrx_word' id='word_1_9' title='bbox 1105 369 1307 426; x_wconf 88' lang='lat' dir='ltr'><em>notior</em></span> <span class='ocrx_word' id='word_1_10' title='bbox 1359 368 1419 425; x_wconf 91' lang='lat' dir='ltr'><em>in</em></span> <span class='ocrx_word' id='word_1_11' title='bbox 1454 362 1929 443; x_wconf 78' lang='lat' dir='ltr'><em>positionibu31,</em></span> <span class='ocrx_word' id='word_1_12' title='bbox 1968 366 2064 435; x_wconf 84' lang='lat' dir='ltr'><em>fa·</em></span> 
     </span>
     <span class='ocr_line' id='line_1_3' title="bbox 248 449 2063 530; baseline -0.004 -17"><span class='ocrx_word' id='word_1_13' title='bbox 248 454 444 514; x_wconf 86' lang='lat' dir='ltr'><em>cundo</em></span> <span class='ocrx_word' id='word_1_14' title='bbox 478 473 766 530; x_wconf 80' lang='lat' dir='ltr'><em>sermone,</em></span> <span class='ocrx_word' id='word_1_15' title='bbox 802 451 1000 510; x_wconf 81' lang='lat' dir='ltr'><em>divitis</em></span> <span class='ocrx_word' id='word_1_16' title='bbox 1031 470 1170 509; x_wconf 80' lang='lat' dir='ltr'><em>vene</em></span> <span class='ocrx_word' id='word_1_17' title='bbox 1184 449 1227 528; x_wconf 82' lang='lat'><em>²,</em></span> <span class='ocrx_word' id='word_1_18' title='bbox 1268 451 1479 509; x_wconf 87' lang='lat' dir='ltr'><em>seriem</em></span> <span class='ocrx_word' id='word_1_19' title='bbox 1519 450 1717 526; x_wconf 84' lang='lat' dir='ltr'><em>operis</em></span> <span class='ocrx_word' id='word_1_20' title='bbox 1740 465 2063 525; x_wconf 87' lang='lat' dir='ltr'><em>percucur-</em></span> 
     </span>
     <span class='ocr_line' id='line_1_4' title="bbox 247 529 2069 615; baseline -0.004 -18"><span class='ocrx_word' id='word_1_21' title='bbox 247 540 341 615; x_wconf 85' lang='lat' dir='ltr'><em>rit,</em></span> <span class='ocrx_word' id='word_1_22' title='bbox 384 557 494 596; x_wconf 92' lang='lat' dir='ltr'><em>nos</em></span> <span class='ocrx_word' id='word_1_23' title='bbox 541 543 739 595; x_wconf 87' lang='lat' dir='ltr'><em>autem</em></span> <span class='ocrx_word' id='word_1_24' title='bbox 781 534 854 593; x_wconf 90' lang='lat' dir='ltr'><em>de</em></span> <span class='ocrx_word' id='word_1_25' title='bbox 891 536 1104 612; x_wconf 76' lang='lat' dir='ltr'><em>pinqui</em></span> <span class='ocrx_word' id='word_1_26' title='bbox 1139 531 1445 592; x_wconf 81' lang='lat' dir='ltr'><em>Minerva3</em></span> <span class='ocrx_word' id='word_1_27' title='bbox 1487 531 1873 609; x_wconf 72' lang='lat' dir='ltr'><em>distillantes,</em></span> <span class='ocrx_word' id='word_1_28' title='bbox 1905 529 2069 589; x_wconf 87' lang='lat' dir='ltr'><em>velut</em></span> 
     </span>
     <span class='ocr_line' id='line_1_5' title="bbox 247 615 2067 696; baseline -0.003 -18"><span class='ocrx_word' id='word_1_29' title='bbox 247 619 641 696; x_wconf 78' lang='lat' dir='ltr'><em>impeditioris</em></span> <span class='ocrx_word' id='word_1_30' title='bbox 686 619 883 695; x_wconf 72' lang='lat' dir='ltr'><em>linque</em></span> <span class='ocrx_word' id='word_1_31' title='bbox 939 624 998 676; x_wconf 92' lang='lat' dir='ltr'><em>et</em></span> <span class='ocrx_word' id='word_1_32' title='bbox 1050 615 1342 675; x_wconf 76' lang='lat' dir='ltr'><em>tardioris</em></span> <span class='ocrx_word' id='word_1_33' title='bbox 1383 615 1628 694; x_wconf 86' lang='lat' dir='ltr'><em>calami,</em></span> <span class='ocrx_word' id='word_1_34' title='bbox 1683 620 1850 691; x_wconf 86' lang='lat' dir='ltr'><em>cepto</em></span> <span class='ocrx_word' id='word_1_35' title='bbox 1899 615 2067 690; x_wconf 85' lang='lat' dir='ltr'><em>operi</em></span> 
     </span>
     <span class='ocr_line' id='line_1_6' title="bbox 244 697 2065 780; baseline -0.003 -18"><span class='ocrx_word' id='word_1_36' title='bbox 244 702 537 780; x_wconf 87' lang='lat' dir='ltr'><em>reptando</em></span> <span class='ocrx_word' id='word_1_37' title='bbox 586 705 915 761; x_wconf 75' lang='lat' dir='ltr'><em>insistentes</em></span> <span class='ocrx_word' id='word_1_38' title='bbox 958 699 1261 759; x_wconf 84' lang='lat' dir='ltr'><em>humiliter</em></span> <span class='ocrx_word' id='word_1_39' title='bbox 1294 697 1725 776; x_wconf 75' lang='lat' dir='ltr'><em>procedamus,</em></span> <span class='ocrx_word' id='word_1_40' title='bbox 1769 700 1915 776; x_wconf 86' lang='lat' dir='ltr'><em>quia</em></span> <span class='ocrx_word' id='word_1_41' title='bbox 1958 715 2065 756; x_wconf 89' lang='lat' dir='ltr'><em>nec</em></span> 
     </span>
     <span class='ocr_line' id='line_1_7' title="bbox 243 779 2065 861; baseline -0.003 -17"><span class='ocrx_word' id='word_1_42' title='bbox 243 806 385 845; x_wconf 89' lang='lat' dir='ltr'><em>voce</em></span> <span class='ocrx_word' id='word_1_43' title='bbox 416 806 521 845; x_wconf 90' lang='lat' dir='ltr'><em>nec</em></span> <span class='ocrx_word' id='word_1_44' title='bbox 553 785 810 844; x_wconf 89' lang='lat' dir='ltr'><em>calamis</em></span> <span class='ocrx_word' id='word_1_45' title='bbox 841 786 1196 861; x_wconf 81' lang='lat' dir='ltr'><em>maqistrum</em></span> <span class='ocrx_word' id='word_1_46' title='bbox 1224 779 1709 861; x_wconf 74' lang='lat' dir='ltr'><em>equipa1·amus².</em></span> <span class='ocrx_word' id='word_1_47' title='bbox 1753 780 2065 839; x_wconf 81' lang='lat' dir='ltr'><em>Veritatem</em></span> 
     </span>
     <span class='ocr_line' id='line_1_8' title="bbox 242 863 2066 947; baseline -0.003 -20"><span class='ocrx_word' id='word_1_48' title='bbox 242 869 486 928; x_wconf 78' lang='lat' dir='ltr'><em>historie</em></span> <span class='ocrx_word' id='word_1_49' title='bbox 535 871 720 947; x_wconf 75' lang='lat' dir='ltr'><em>iqitur</em></span> <span class='ocrx_word' id='word_1_50' title='bbox 762 871 1086 946; x_wconf 82' lang='lat' dir='ltr'><em>sequentes,</em></span> <span class='ocrx_word' id='word_1_51' title='bbox 1129 864 1564 943; x_wconf 85' lang='lat' dir='ltr'><em>adulationem,</em></span> <span class='ocrx_word' id='word_1_52' title='bbox 1612 883 1723 944; x_wconf 92' lang='lat' dir='ltr'><em>que</em></span> <span class='ocrx_word' id='word_1_53' title='bbox 1765 863 2066 942; x_wconf 88' lang='lat' dir='ltr'><em>plerisque</em></span> 
     </span>
     <span class='ocr_line' id='line_1_9' title="bbox 244 946 2065 1029; baseline -0.003 -19"><span class='ocrx_word' id='word_1_54' title='bbox 244 954 605 1029; x_wconf 80' lang='lat' dir='ltr'><em>scriptorum</em></span> <span class='ocrx_word' id='word_1_55' title='bbox 650 970 846 1010; x_wconf 88' lang='lat' dir='ltr'><em>comes</em></span> <span class='ocrx_word' id='word_1_56' title='bbox 878 955 981 1027; x_wconf 86' lang='lat' dir='ltr'><em>est,</em></span> <span class='ocrx_word' id='word_1_57' title='bbox 1030 951 1272 1008; x_wconf 88' lang='lat' dir='ltr'><em>omnino</em></span> <span class='ocrx_word' id='word_1_58' title='bbox 1319 946 1746 1025; x_wconf 83' lang='lat' dir='ltr'><em>dampnamus,</em></span> <span class='ocrx_word' id='word_1_59' title='bbox 1793 951 1862 1004; x_wconf 87' lang='lat' dir='ltr'><em>ut</em></span> <span class='ocrx_word' id='word_1_60' title='bbox 1895 948 2065 1006; x_wconf 87' lang='lat' dir='ltr'><em>timo-</em></span> 
     </span>
     <span class='ocr_line' id='line_1_10' title="bbox 244 1028 2067 1113; baseline -0.002 -20"><span class='ocrx_word' id='word_1_61' title='bbox 244 1055 367 1094; x_wconf 88' lang='lat' dir='ltr'><em>rem</em></span> <span class='ocrx_word' id='word_1_62' title='bbox 411 1041 468 1094; x_wconf 92' lang='lat' dir='ltr'><em>et</em></span> <span class='ocrx_word' id='word_1_63' title='bbox 490 1036 759 1113; x_wconf 83' lang='lat' dir='ltr'><em>qratiam</em></span> <span class='ocrx_word' id='word_1_64' title='bbox 791 1032 1080 1105; x_wconf 84' lang='lat' dir='ltr'><em>fallacem</em></span> <span class='ocrx_word' id='word_1_65' title='bbox 1115 1030 1490 1090; x_wconf 73' lang='lat' dir='ltr'><em>excludentes</em></span> <span class='ocrx_word' id='word_1_66' title='bbox 1527 1029 1710 1089; x_wconf 88' lang='lat' dir='ltr'><em>libere</em></span> <span class='ocrx_word' id='word_1_67' title='bbox 1750 1047 1863 1108; x_wconf 86' lang='lat' dir='ltr'><em>que</em></span> <span class='ocrx_word' id='word_1_68' title='bbox 1891 1028 2067 1089; x_wconf 86' lang='lat' dir='ltr'><em>nobis</em></span> 
     </span>
     <span class='ocr_line' id='line_1_11' title="bbox 245 1123 1204 1195; baseline -0.005 -18"><span class='ocrx_word' id='word_1_69' title='bbox 245 1124 548 1195; x_wconf 86' lang='lat' dir='ltr'><em>comperta</em></span> <span class='ocrx_word' id='word_1_70' title='bbox 579 1123 721 1177; x_wconf 89' lang='lat' dir='ltr'><em>sunt</em></span> <span class='ocrx_word' id='word_1_71' title='bbox 744 1133 1204 1195; x_wconf 88' lang='lat' dir='ltr'><em>prosequamur.</em></span> 
     </span>
    </p>

    <p class='ocr_par' dir='ltr' id='par_1_3' title="bbox 234 1194 2126 3022">
     <span class='ocr_line' id='line_1_12' title="bbox 413 1194 2066 1278; baseline -0.002 -19"><span class='ocrx_word' id='word_1_72' title='bbox 413 1202 542 1274; x_wconf 81' lang='lat' dir='ltr'><em>Quo</em></span> <span class='ocrx_word' id='word_1_73' title='bbox 590 1203 772 1278; x_wconf 76' lang='lat' dir='ltr'><em>iqitur</em></span> <span class='ocrx_word' id='word_1_74' title='bbox 804 1202 1183 1276; x_wconf 84' lang='lat' dir='ltr'><em>principante</em></span> <span class='ocrx_word' id='word_1_75' title='bbox 1210 1196 1300 1256; x_wconf 88' lang='lat' dir='ltr'><em>vel</em></span> <span class='ocrx_word' id='word_1_76' title='bbox 1337 1194 1673 1274; x_wconf 85' lang='lat' dir='ltr'><em>presidente</em></span> <span class='ocrx_word' id='word_1_77' title='bbox 1711 1194 1931 1254; x_wconf 85' lang='lat' dir='ltr'><em>harum</em></span> <span class='ocrx_word' id='word_1_78' title='bbox 1964 1194 2066 1255; x_wconf 90' lang='lat' dir='ltr'><em>bo·</em></span> 
     </span>
     <span class='ocr_line' id='line_1_13' title="bbox 243 1278 2071 1362; baseline -0.002 -20"><span class='ocrx_word' id='word_1_79' title='bbox 243 1284 498 1342; x_wconf 84' lang='lat' dir='ltr'><em>realium</em></span> <span class='ocrx_word' id='word_1_80' title='bbox 520 1285 831 1362; x_wconf 73' lang='lat' dir='ltr'><em>reqionum</em></span> <span class='ocrx_word' id='word_1_81' title='bbox 855 1284 976 1341; x_wconf 88' lang='lat' dir='ltr'><em>sive</em></span> <span class='ocrx_word' id='word_1_82' title='bbox 999 1281 1389 1340; x_wconf 89' lang='lat' dir='ltr'><em>ecclesiarum</em></span> <span class='ocrx_word' id='word_1_83' title='bbox 1414 1284 1612 1338; x_wconf 85' lang='lat' dir='ltr'><em>status</em></span> <span class='ocrx_word' id='word_1_84' title='bbox 1635 1278 1974 1356; x_wconf 85' lang='lat' dir='ltr'><em>invaluerit,</em></span> <span class='ocrx_word' id='word_1_85' title='bbox 1999 1284 2071 1338; x_wconf 89' lang='lat' dir='ltr'><em>ut</em></span> 
     </span>
     <span class='ocr_line' id='line_1_14' title="bbox 243 1361 2064 1440; baseline -0.003 -15"><span class='ocrx_word' id='word_1_86' title='bbox 243 1370 301 1426; x_wconf 90' lang='lat' dir='ltr'><em>in</em></span> <span class='ocrx_word' id='word_1_87' title='bbox 334 1367 487 1425; x_wconf 89' lang='lat' dir='ltr'><em>libro</em></span> <span class='ocrx_word' id='word_1_88' title='bbox 520 1368 837 1426; x_wconf 88' lang='lat' dir='ltr'><em>memorati</em></span> <span class='ocrx_word' id='word_1_89' title='bbox 867 1363 1204 1424; x_wconf 88' lang='lat' dir='ltr'><em>sacerdotis</em></span> <span class='ocrx_word' id='word_1_90' title='bbox 1234 1361 1542 1423; x_wconf 89' lang='lat' dir='ltr'><em>Helmoldi</em></span> <span class='ocrx_word' id='word_1_91' title='bbox 1584 1367 1928 1422; x_wconf 75' lang='lat' dir='ltr'><em>contextum</em></span> <span class='ocrx_word' id='word_1_92' title='bbox 1958 1366 2064 1440; x_wconf 87' lang='lat' dir='ltr'><em>est,</em></span> 
     </span>
     <span class='ocr_line' id='line_1_15' title="bbox 241 1445 2064 1530; baseline -0.003 -21"><span class='ocrx_word' id='word_1_93' title='bbox 241 1450 663 1530; x_wconf 84' lang='lat' dir='ltr'><em>subsequenter</em></span> <span class='ocrx_word' id='word_1_94' title='bbox 694 1449 1106 1509; x_wconf 88' lang='lat' dir='ltr'><em>adnectamus.</em></span> <span class='ocrx_word' id='word_1_95' title='bbox 1178 1448 1257 1506; x_wconf 89' lang='lat' dir='ltr'><em>Et</em></span> <span class='ocrx_word' id='word_1_96' title='bbox 1284 1448 1428 1526; x_wconf 86' lang='lat' dir='ltr'><em>quia</em></span> <span class='ocrx_word' id='word_1_97' title='bbox 1459 1465 1646 1526; x_wconf 91' lang='lat' dir='ltr'><em>usque</em></span> <span class='ocrx_word' id='word_1_98' title='bbox 1675 1445 1761 1504; x_wconf 84' lang='lat' dir='ltr'><em>ad</em></span> <span class='ocrx_word' id='word_1_99' title='bbox 1790 1450 2064 1522; x_wconf 87' lang='lat' dir='ltr'><em>tempora</em></span> 
     </span>
     <span class='ocr_line' id='line_1_16' title="bbox 240 1527 2062 1610; baseline -0.003 -18"><span class='ocrx_word' id='word_1_100' title='bbox 240 1533 510 1593; x_wconf 89' lang='lat' dir='ltr'><em>Heinrici</em></span> <span class='ocrx_word' id='word_1_101' title='bbox 550 1533 721 1592; x_wconf 87' lang='lat' dir='ltr'><em>ducis</em></span> <span class='ocrx_word' id='word_1_102' title='bbox 767 1532 1035 1591; x_wconf 73' lang='lat' dir='ltr'><em>Saxonie</em></span> <span class='ocrx_word' id='word_1_103' title='bbox 1081 1536 1259 1610; x_wconf 91' lang='lat' dir='ltr'><em>atque</em></span> <span class='ocrx_word' id='word_1_104' title='bbox 1301 1530 1568 1589; x_wconf 88' lang='lat' dir='ltr'><em>Bavarie</em></span> <span class='ocrx_word' id='word_1_105' title='bbox 1616 1528 1836 1588; x_wconf 77' lang='lat' dir='ltr'><em>series⁵</em></span> <span class='ocrx_word' id='word_1_106' title='bbox 1887 1527 2062 1588; x_wconf 92' lang='lat' dir='ltr'><em>decu-</em></span> 
     </span>
     <span class='ocr_line' id='line_1_17' title="bbox 242 1615 2063 1695; baseline -0.003 -19"><span class='ocrx_word' id='word_1_107' title='bbox 242 1620 448 1695; x_wconf 85' lang='lat' dir='ltr'><em>currit,</em></span> <span class='ocrx_word' id='word_1_108' title='bbox 495 1619 689 1694; x_wconf 89' lang='lat' dir='ltr'><em>ipsum</em></span> <span class='ocrx_word' id='word_1_109' title='bbox 734 1618 795 1675; x_wconf 90' lang='lat' dir='ltr'><em>in</em></span> <span class='ocrx_word' id='word_1_110' title='bbox 840 1618 1040 1687; x_wconf 81' lang='lat' dir='ltr'><em>fronte</em></span> <span class='ocrx_word' id='word_1_111' title='bbox 1076 1633 1381 1692; x_wconf 89' lang='lat' dir='ltr'><em>ponamus</em></span> <span class='ocrx_word' id='word_1_112' title='bbox 1393 1637 1417 1690; x_wconf 83' lang='lat'><em>,-</em></span> <span class='ocrx_word' id='word_1_113' title='bbox 1468 1615 1570 1692; x_wconf 91' lang='lat' dir='ltr'><em>qui</em></span> <span class='ocrx_word' id='word_1_114' title='bbox 1611 1632 1793 1689; x_wconf 90' lang='lat' dir='ltr'><em>super</em></span> <span class='ocrx_word' id='word_1_115' title='bbox 1838 1631 2063 1690; x_wconf 87' lang='lat' dir='ltr'><em>omnes,</em></span> 
     </span>
     <span class='ocr_line' id='line_1_18' title="bbox 241 1694 2060 1780; baseline -0.003 -21"><span class='ocrx_word' id='word_1_116' title='bbox 241 1703 343 1780; x_wconf 88' lang='lat' dir='ltr'><em>qui</em></span> <span class='ocrx_word' id='word_1_117' title='bbox 368 1706 503 1759; x_wconf 88' lang='lat' dir='ltr'><em>ante</em></span> <span class='ocrx_word' id='word_1_118' title='bbox 528 1703 722 1776; x_wconf 90' lang='lat' dir='ltr'><em>ipsum</em></span> <span class='ocrx_word' id='word_1_119' title='bbox 741 1702 1008 1776; x_wconf 83' lang='lat' dir='ltr'><em>fuerunt,</em></span> <span class='ocrx_word' id='word_1_120' title='bbox 1032 1697 1322 1756; x_wconf 88' lang='lat' dir='ltr'><em>duritiam</em></span> <span class='ocrx_word' id='word_1_121' title='bbox 1338 1696 1383 1755; x_wconf 84' lang='lat' dir='ltr'><strong><em>S</em></strong></span> <span class='ocrx_word' id='word_1_122' title='bbox 1387 1696 1683 1755; x_wconf 85' lang='lat' dir='ltr'><em>clavicam</em></span> <span class='ocrx_word' id='word_1_123' title='bbox 1692 1694 2060 1773; x_wconf 89' lang='lat' dir='ltr'><em>perdomuit,</em></span> 
     </span>
     <span class='ocr_line' id='line_1_19' title="bbox 243 1779 2062 1858; baseline -0.003 -15"><span class='ocrx_word' id='word_1_124' title='bbox 243 1789 299 1842; x_wconf 90' lang='lat' dir='ltr'><em>et</em></span> <span class='ocrx_word' id='word_1_125' title='bbox 317 1804 437 1843; x_wconf 92' lang='lat' dir='ltr'><em>non</em></span> <span class='ocrx_word' id='word_1_126' title='bbox 462 1783 658 1843; x_wconf 91' lang='lat' dir='ltr'><em>solum</em></span> <span class='ocrx_word' id='word_1_127' title='bbox 684 1782 768 1842; x_wconf 89' lang='lat' dir='ltr'><em>ad</em></span> <span class='ocrx_word' id='word_1_128' title='bbox 792 1782 1021 1842; x_wconf 88' lang='lat' dir='ltr'><em>tributa</em></span> <span class='ocrx_word' id='word_1_129' title='bbox 1045 1779 1333 1841; x_wconf 89' lang='lat' dir='ltr'><em>solvenda</em></span> <span class='ocrx_word' id='word_1_130' title='bbox 1354 1782 1563 1858; x_wconf 77' lang='lat' dir='ltr'><em>coeqit,</em></span> <span class='ocrx_word' id='word_1_131' title='bbox 1577 1779 1685 1839; x_wconf 92' lang='lat' dir='ltr'><em>sed</em></span> <span class='ocrx_word' id='word_1_132' title='bbox 1709 1782 1889 1838; x_wconf 87' lang='lat' dir='ltr'><em>etiarn</em></span> <span class='ocrx_word' id='word_1_133' title='bbox 1916 1797 2062 1857; x_wconf 82' lang='lat' dir='ltr'><em>erqa</em></span> 
     </span>
     <span class='ocr_line' id='line_1_20' title="bbox 238 1861 2060 1942; baseline -0.003 -16"><span class='ocrx_word' id='word_1_134' title='bbox 238 1870 363 1926; x_wconf 89' lang='lat' dir='ltr'><em>veri</em></span> <span class='ocrx_word' id='word_1_135' title='bbox 397 1867 507 1926; x_wconf 88' lang='lat' dir='ltr'><em>Dei</em></span> <span class='ocrx_word' id='word_1_136' title='bbox 559 1866 802 1942; x_wconf 89' lang='lat' dir='ltr'><em>cultum,</em></span> <span class='ocrx_word' id='word_1_137' title='bbox 861 1865 1082 1924; x_wconf 89' lang='lat' dir='ltr'><em>relictis</em></span> <span class='ocrx_word' id='word_1_138' title='bbox 1119 1863 1647 1942; x_wconf 81' lang='lat' dir='ltr'><em>superstitionibus</em></span> <span class='ocrx_word' id='word_1_139' title='bbox 1691 1861 2060 1940; x_wconf 85' lang='lat' dir='ltr'><em>idololatrie,</em></span> 
     </span>
     <span class='ocr_line' id='line_1_21' title="bbox 238 1945 2063 2026; baseline -0.003 -18"><span class='ocrx_word' id='word_1_140' title='bbox 238 1949 568 2009; x_wconf 80' lang='lat' dir='ltr'><em>humiliatis</em></span> <span class='ocrx_word' id='word_1_141' title='bbox 594 1948 919 2009; x_wconf 85' lang='lat' dir='ltr'><em>cervicibus</em></span> <span class='ocrx_word' id='word_1_142' title='bbox 938 1950 1427 2026; x_wconf 88' lang='lat' dir='ltr'><em>promptissimos</em></span> <span class='ocrx_word' id='word_1_143' title='bbox 1446 1948 1605 2018; x_wconf 84' lang='lat' dir='ltr'><em>fecit.</em></span> <span class='ocrx_word' id='word_1_144' title='bbox 1638 1945 1858 2005; x_wconf 88' lang='lat' dir='ltr'><em>Pacem</em></span> <span class='ocrx_word' id='word_1_145' title='bbox 1881 1946 2063 2004; x_wconf 88' lang='lat' dir='ltr'><em>etiam</em></span> 
     </span>
     <span class='ocr_line' id='line_1_22' title="bbox 240 2030 2062 2107; baseline -0.002 -17"><span class='ocrx_word' id='word_1_146' title='bbox 240 2035 569 2092; x_wconf 70' lang='lat' dir='ltr'><em>maximam</em></span> <span class='ocrx_word' id='word_1_147' title='bbox 616 2035 676 2092; x_wconf 92' lang='lat' dir='ltr'><em>in</em></span> <span class='ocrx_word' id='word_1_148' title='bbox 708 2034 870 2091; x_wconf 91' lang='lat' dir='ltr'><em>omni</em></span> <span class='ocrx_word' id='word_1_149' title='bbox 915 2037 1078 2090; x_wconf 86' lang='lat' dir='ltr'><em>terra</em></span> <span class='ocrx_word' id='word_1_150' title='bbox 1112 2030 1473 2090; x_wconf 85' lang='lat' dir='ltr'><em>Sclavorum</em></span> <span class='ocrx_word' id='word_1_151' title='bbox 1517 2031 1798 2107; x_wconf 81' lang='lat' dir='ltr'><em>firmavit,</em></span> <span class='ocrx_word' id='word_1_152' title='bbox 1843 2033 1902 2088; x_wconf 92' lang='lat' dir='ltr'><em>et</em></span> <span class='ocrx_word' id='word_1_153' title='bbox 1937 2048 2062 2087; x_wconf 93' lang='lat' dir='ltr'><em>om-</em></span> 
     </span>
     <span class='ocr_line' id='line_1_23' title="bbox 240 2111 2059 2195; baseline -0.003 -20"><span class='ocrx_word' id='word_1_154' title='bbox 240 2135 343 2175; x_wconf 86' lang='lat' dir='ltr'><em>nes</em></span> <span class='ocrx_word' id='word_1_155' title='bbox 380 2118 690 2193; x_wconf 87' lang='lat' dir='ltr'><em>provincie</em></span> <span class='ocrx_word' id='word_1_156' title='bbox 742 2114 1133 2195; x_wconf 85' lang='lat' dir='ltr'><em>aquilonares</em></span> <span class='ocrx_word' id='word_1_157' title='bbox 1184 2113 1588 2191; x_wconf 78' lang='lat' dir='ltr'><em>Waqirorum,</em></span> <span class='ocrx_word' id='word_1_158' title='bbox 1633 2111 2059 2190; x_wconf 89' lang='lat' dir='ltr'><em>Holzatorum,</em></span> 
     </span>
     <span class='ocr_line' id='line_1_24' title="bbox 239 2195 2068 2277; baseline -0.002 -20"><span class='ocrx_word' id='word_1_159' title='bbox 239 2199 640 2277; x_wconf 91' lang='lat' dir='ltr'><em>Polaborum,</em></span> <span class='ocrx_word' id='word_1_160' title='bbox 689 2199 1094 2258; x_wconf 88' lang='lat' dir='ltr'><em>Obotritorum</em></span> <span class='ocrx_word' id='word_1_161' title='bbox 1145 2199 1277 2256; x_wconf 90' lang='lat' dir='ltr'><em>ocio</em></span> <span class='ocrx_word' id='word_1_162' title='bbox 1320 2202 1379 2255; x_wconf 91' lang='lat' dir='ltr'><em>et</em></span> <span class='ocrx_word' id='word_1_163' title='bbox 1417 2197 1598 2276; x_wconf 86' lang='lat' dir='ltr'><em>quieti</em></span> <span class='ocrx_word' id='word_1_164' title='bbox 1637 2195 1960 2274; x_wconf 88' lang='lat' dir='ltr'><em>vacabant,</em></span> <span class='ocrx_word' id='word_1_165' title='bbox 2008 2200 2068 2254; x_wconf 92' lang='lat' dir='ltr'><em>et</em></span> 
     </span>
     <span class='ocr_line' id='line_1_25' title="bbox 234 2279 2065 2358; baseline -0.001 -18"><span class='ocrx_word' id='word_1_166' title='bbox 234 2281 543 2358; x_wconf 83' lang='lat' dir='ltr'><em>prohibita</em></span> <span class='ocrx_word' id='word_1_167' title='bbox 573 2287 716 2341; x_wconf 90' lang='lat' dir='ltr'><em>sunt</em></span> <span class='ocrx_word' id='word_1_168' title='bbox 741 2284 911 2353; x_wconf 83' lang='lat' dir='ltr'><em>furta</em></span> <span class='ocrx_word' id='word_1_169' title='bbox 959 2287 1018 2340; x_wconf 91' lang='lat' dir='ltr'><em>et</em></span> <span class='ocrx_word' id='word_1_170' title='bbox 1059 2279 1420 2339; x_wconf 70' lang='lat' dir='ltr'><em>latrocinia6</em></span> <span class='ocrx_word' id='word_1_171' title='bbox 1462 2284 1627 2338; x_wconf 91' lang='lat' dir='ltr'><em>terra</em></span> <span class='ocrx_word' id='word_1_172' title='bbox 1666 2280 1959 2358; x_wconf 88' lang='lat' dir='ltr'><em>marique,</em></span> <span class='ocrx_word' id='word_1_173' title='bbox 2005 2283 2065 2338; x_wconf 90' lang='lat' dir='ltr'><em>et</em></span> 
     </span>
     <span class='ocr_line' id='line_1_26' title="bbox 240 2361 2065 2440; baseline -0.001 -17"><span class='ocrx_word' id='word_1_174' title='bbox 240 2365 603 2436; x_wconf 81' lang='lat' dir='ltr'><em>fruebantur</em></span> <span class='ocrx_word' id='word_1_175' title='bbox 626 2367 847 2423; x_wconf 88' lang='lat' dir='ltr'><em>mutuis</em></span> <span class='ocrx_word' id='word_1_176' title='bbox 877 2363 1348 2423; x_wconf 84' lang='lat' dir='ltr'><em>mercationibus</em></span> <span class='ocrx_word' id='word_1_177' title='bbox 1372 2368 1432 2422; x_wconf 92' lang='lat' dir='ltr'><em>et</em></span> <span class='ocrx_word' id='word_1_178' title='bbox 1450 2361 1981 2440; x_wconf 75' lang='lat' dir='ltr'><em>neqotiationibus,</em></span> <span class='ocrx_word' id='word_1_179' title='bbox 2007 2366 2065 2421; x_wconf 85' lang='lat' dir='ltr'><em>et</em></span> 
     </span>
     <span class='ocr_line' id='line_1_27' title="bbox 239 2443 2062 2527; baseline -0.001 -22"><span class='ocrx_word' id='word_1_180' title='bbox 239 2447 560 2507; x_wconf 81' lang='lat' dir='ltr'><em>habitabat</em></span> <span class='ocrx_word' id='word_1_181' title='bbox 583 2450 985 2527; x_wconf 88' lang='lat' dir='ltr'><em>unusquisque</em></span> <span class='ocrx_word' id='word_1_182' title='bbox 1016 2447 1126 2506; x_wconf 91' lang='lat' dir='ltr'><em>sub</em></span> <span class='ocrx_word' id='word_1_183' title='bbox 1157 2449 1272 2506; x_wconf 90' lang='lat' dir='ltr'><em>vite</em></span> <span class='ocrx_word' id='word_1_184' title='bbox 1305 2451 1357 2506; x_wconf 89' lang='lat' dir='ltr'><em>et</em></span> <span class='ocrx_word' id='word_1_185' title='bbox 1379 2449 1496 2520; x_wconf 80' lang='lat' dir='ltr'><em>ficu</em></span> <span class='ocrx_word' id='word_1_186' title='bbox 1527 2446 1698 2524; x_wconf 73' lang='lat' dir='ltr'><em>sua‘1,</em></span> <span class='ocrx_word' id='word_1_187' title='bbox 1718 2443 2062 2522; x_wconf 85' lang='lat' dir='ltr'><em>presidente</em></span> 
     </span>
     <span class='ocr_line' id='line_1_28' title="bbox 241 2527 2060 2608; baseline -0.001 -20"><span class='ocrx_word' id='word_1_188' title='bbox 241 2533 301 2589; x_wconf 91' lang='lat' dir='ltr'><em>in</em></span> <span class='ocrx_word' id='word_1_189' title='bbox 330 2531 676 2608; x_wconf 85' lang='lat' dir='ltr'><em>Racesburq</em></span> <span class='ocrx_word' id='word_1_190' title='bbox 707 2530 1198 2590; x_wconf 86' lang='lat' dir='ltr'><em>reverendissimo</em></span> <span class='ocrx_word' id='word_1_191' title='bbox 1227 2535 1403 2607; x_wconf 88' lang='lat' dir='ltr'><em>patre</em></span> <span class='ocrx_word' id='word_1_192' title='bbox 1433 2527 1792 2606; x_wconf 83' lang='lat' dir='ltr'><em>EvermodO,</em></span> <span class='ocrx_word' id='word_1_193' title='bbox 1838 2529 1900 2587; x_wconf 87' lang='lat' dir='ltr'><em>in</em></span> <span class='ocrx_word' id='word_1_194' title='bbox 1943 2528 2060 2586; x_wconf 89' lang='lat' dir='ltr'><em>Lu-</em></span> 
     </span>
     <span class='ocr_line' id='line_1_29' title="bbox 242 2610 2059 2692; baseline -0.001 -21"><span class='ocrx_word' id='word_1_195' title='bbox 242 2613 379 2671; x_wconf 76' lang='lat' dir='ltr'><em>beke</em></span> <span class='ocrx_word' id='word_1_196' title='bbox 422 2634 560 2673; x_wconf 85' lang='lat' dir='ltr'><em>vero</em></span> <span class='ocrx_word' id='word_1_197' title='bbox 612 2613 895 2673; x_wconf 89' lang='lat' dir='ltr'><em>Conrado</em></span> <span class='ocrx_word' id='word_1_198' title='bbox 940 2617 1239 2692; x_wconf 81' lang='lat' dir='ltr'><em>episcopO,</em></span> <span class='ocrx_word' id='word_1_199' title='bbox 1282 2615 1412 2671; x_wconf 89' lang='lat' dir='ltr'><em>viro</em></span> <span class='ocrx_word' id='word_1_200' title='bbox 1455 2611 1695 2690; x_wconf 88' lang='lat' dir='ltr'><em>illustri,</em></span> <span class='ocrx_word' id='word_1_201' title='bbox 1740 2614 1801 2670; x_wconf 91' lang='lat' dir='ltr'><em>in</em></span> <span class='ocrx_word' id='word_1_202' title='bbox 1843 2610 2059 2670; x_wconf 85' lang='lat' dir='ltr'><em>Zverin</em></span> 
     </span>
     <span class='ocr_line' id='line_1_30' title="bbox 241 2692 2059 2775; baseline -0.002 -21"><span class='ocrx_word' id='word_1_203' title='bbox 241 2715 473 2775; x_wconf 90' lang='lat' dir='ltr'><em>quoque</em></span> <span class='ocrx_word' id='word_1_204' title='bbox 502 2697 795 2774; x_wconf 90' lang='lat' dir='ltr'><em>Bernone,</em></span> <span class='ocrx_word' id='word_1_205' title='bbox 837 2699 965 2755; x_wconf 85' lang='lat' dir='ltr'><em>viro</em></span> <span class='ocrx_word' id='word_1_206' title='bbox 1013 2696 1318 2775; x_wconf 79' lang='lat' dir='ltr'><em>reliqiosO,</em></span> <span class='ocrx_word' id='word_1_207' title='bbox 1361 2698 1463 2774; x_wconf 92' lang='lat' dir='ltr'><em>qui</em></span> <span class='ocrx_word' id='word_1_208' title='bbox 1508 2694 1790 2754; x_wconf 91' lang='lat' dir='ltr'><em>ecclesias</em></span> <span class='ocrx_word' id='word_1_209' title='bbox 1830 2692 2059 2753; x_wconf 87' lang='lat' dir='ltr'><em>novelle</em></span> 
     </span>
     <span class='ocr_line' id='line_1_31' title="bbox 235 2778 2055 2859; baseline -0.002 -22"><span class='ocrx_word' id='word_1_210' title='bbox 235 2779 655 2858; x_wconf 87' lang='lat' dir='ltr'><em>plantationis,</em></span> <span class='ocrx_word' id='word_1_211' title='bbox 688 2799 841 2859; x_wconf 90' lang='lat' dir='ltr'><em>quas</em></span> <span class='ocrx_word' id='word_1_212' title='bbox 871 2780 1193 2839; x_wconf 89' lang='lat' dir='ltr'><em>Heinricus</em></span> <span class='ocrx_word' id='word_1_213' title='bbox 1225 2779 1350 2838; x_wconf 72' lang='lat' dir='ltr'><em>dux</em></span> <span class='ocrx_word' id='word_1_214' title='bbox 1379 2783 1752 2837; x_wconf 88' lang='lat' dir='ltr'><em>memoratus</em></span> <span class='ocrx_word' id='word_1_215' title='bbox 1782 2778 2055 2854; x_wconf 82' lang='lat' dir='ltr'><em>instituit,</em></span> 
     </span>
     <span class='ocr_line' id='line_1_32' title="bbox 238 2860 2057 2940; baseline -0.001 -21"><span class='ocrx_word' id='word_1_216' title='bbox 238 2861 497 2921; x_wconf 87' lang='lat' dir='ltr'><em>Domino</em></span> <span class='ocrx_word' id='word_1_217' title='bbox 524 2866 943 2922; x_wconf 87' lang='lat' dir='ltr'><em>incrementum</em></span> <span class='ocrx_word' id='word_1_218' title='bbox 969 2862 1168 2940; x_wconf 87' lang='lat' dir='ltr'><em>dante,</em></span> <span class='ocrx_word' id='word_1_219' title='bbox 1193 2861 1473 2921; x_wconf 86' lang='lat' dir='ltr'><em>doctrina</em></span> <span class='ocrx_word' id='word_1_220' title='bbox 1491 2860 1781 2937; x_wconf 87' lang='lat' dir='ltr'><em>plantare</em></span> <span class='ocrx_word' id='word_1_221' title='bbox 1804 2865 1862 2919; x_wconf 91' lang='lat' dir='ltr'><em>et</em></span> <span class='ocrx_word' id='word_1_222' title='bbox 1879 2877 2057 2936; x_wconf 84' lang='lat' dir='ltr'><em>opere</em></span> 
     </span>
     <span class='ocr_line' id='line_1_33' title="bbox 241 2944 2126 3022; baseline 0.001 -21"><span class='ocrx_word' id='word_1_223' title='bbox 241 2946 497 3022; x_wconf 80' lang='lat' dir='ltr'><em>irriqare</em></span> <span class='ocrx_word' id='word_1_224' title='bbox 526 2947 953 3004; x_wconf 88' lang='lat' dir='ltr'><em>instantissime</em></span> <span class='ocrx_word' id='word_1_225' title='bbox 982 2944 1356 3022; x_wconf 79' lang='lat' dir='ltr'><em>sataqebant.</em></span> <span class='ocrx_word' id='word_1_226' title='bbox 2123 2960 2126 2963; x_wconf 88' lang='grc'><em>·</em></span> 
     </span>
    </p>
   </div>
   <div class='ocr_carea' id='block_1_3' title="bbox 417 3041 2054 3202">
    <p class='ocr_par' dir='ltr' id='par_1_4' title="bbox 417 3041 2054 3202">
     <span class='ocr_line' id='line_1_34' title="bbox 855 3041 1440 3102; baseline 0.002 -2"><span class='ocrx_word' id='word_1_227' title='bbox 855 3042 1086 3102; x_wconf 87' lang='lat' dir='ltr'>LIBER</span> <span class='ocrx_word' id='word_1_228' title='bbox 1133 3041 1440 3101; x_wconf 88' lang='lat' dir='ltr'><strong>PRIMUS.</strong></span> 
     </span>
     <span class='ocr_line' id='line_1_35' title="bbox 417 3121 2054 3202; baseline -0.002 -18"><span class='ocrx_word' id='word_1_229' title='bbox 417 3130 464 3184; x_wconf 90' lang='lat'><em>1.</em></span> <span class='ocrx_word' id='word_1_230' title='bbox 509 3124 596 3182; x_wconf 91' lang='lat' dir='ltr'><em>De</em></span> <span class='ocrx_word' id='word_1_231' title='bbox 618 3127 1103 3202; x_wconf 76' lang='lat' dir='ltr'><em>pereqrinatione</em></span> <span class='ocrx_word' id='word_1_232' title='bbox 1132 3125 1402 3184; x_wconf 91' lang='lat' dir='ltr'><em>Heinrici</em></span> <span class='ocrx_word' id='word_1_233' title='bbox 1431 3123 1619 3182; x_wconf 85' lang='lat' dir='ltr'><em>ducis.</em></span> <span class='ocrx_word' id='word_1_234' title='bbox 1674 3121 2054 3184; x_wconf 83' lang='lat' dir='ltr'><em>Confirmata</em></span> 
     </span>
    </p>
   </div>
   <div class='ocr_carea' id='block_1_4' title="bbox 240 3216 2054 3459">
    <p class='ocr_par' dir='ltr' id='par_1_5' title="bbox 240 3216 2054 3459">
     <span class='ocr_line' id='line_1_36' title="bbox 244 3216 2054 3279; baseline 0.002 -20"><span class='ocrx_word' id='word_1_235' title='bbox 244 3218 281 3271; x_wconf 92' lang='lat'><em>1)</em></span> <span class='ocrx_word' id='word_1_236' title='bbox 317 3234 378 3262; x_wconf 83' lang='lat' dir='ltr'><em>sc.</em></span> <span class='ocrx_word' id='word_1_237' title='bbox 414 3222 662 3267; x_wconf 75' lang='lat' dir='ltr'><em>verborum.</em></span> <span class='ocrx_word' id='word_1_238' title='bbox 698 3222 1089 3278; x_wconf 74' lang='lat' dir='ltr'><em>propositionibus.</em></span> <span class='ocrx_word' id='word_1_239' title='bbox 1294 3221 1339 3279; x_wconf 82' lang='lat'><em>2)</em></span> <span class='ocrx_word' id='word_1_240' title='bbox 1375 3220 1446 3265; x_wconf 68' lang='lat' dir='ltr'><em>Cf.</em></span> <span class='ocrx_word' id='word_1_241' title='bbox 1480 3220 1658 3264; x_wconf 77' lang='lat' dir='ltr'><em>Horatii</em></span> <span class='ocrx_word' id='word_1_242' title='bbox 1690 3218 1812 3264; x_wconf 79' lang='lat' dir='ltr'><em>Artis</em></span> <span class='ocrx_word' id='word_1_243' title='bbox 1845 3216 2054 3262; x_wconf 78' lang='lat' dir='ltr'><em>Poeticae</em></span> 
     </span>
     <span class='ocr_line' id='line_1_37' title="bbox 240 3276 2051 3339; baseline 0.002 -21"><span class='ocrx_word' id='word_1_244' title='bbox 240 3293 279 3320; x_wconf 84' lang='lat' dir='ltr'><em>v.</em></span> <span class='ocrx_word' id='word_1_245' title='bbox 313 3278 416 3323; x_wconf 83' lang='lat'><strong>409.</strong></span> <span class='ocrx_word' id='word_1_246' title='bbox 562 3280 604 3335; x_wconf 75' lang='lat'><em>3)</em></span> <span class='ocrx_word' id='word_1_247' title='bbox 638 3279 795 3324; x_wconf 81' lang='lat' dir='ltr'><em>Cicero</em></span> <span class='ocrx_word' id='word_1_248' title='bbox 830 3283 885 3325; x_wconf 85' lang='lat' dir='ltr'><em>de</em></span> <span class='ocrx_word' id='word_1_249' title='bbox 918 3281 1126 3326; x_wconf 75' lang='lat' dir='ltr'><em>Amicitia</em></span> <span class='ocrx_word' id='word_1_250' title='bbox 1162 3296 1199 3325; x_wconf 91' lang='lat' dir='ltr'><em>c.</em></span> <span class='ocrx_word' id='word_1_251' title='bbox 1225 3282 1266 3326; x_wconf 89' lang='lat'><em>5.</em></span> <span class='ocrx_word' id='word_1_252' title='bbox 1407 3282 1451 3339; x_wconf 86' lang='lat'><em>4)</em></span> <span class='ocrx_word' id='word_1_253' title='bbox 1486 3279 1557 3325; x_wconf 75' lang='lat' dir='ltr'><em>Cf.</em></span> <span class='ocrx_word' id='word_1_254' title='bbox 1593 3279 1777 3336; x_wconf 79' lang='lat' dir='ltr'><em>Vergilii</em></span> <span class='ocrx_word' id='word_1_255' title='bbox 1811 3277 1968 3335; x_wconf 78' lang='lat' dir='ltr'><em>Eclog.</em></span> <span class='ocrx_word' id='word_1_256' title='bbox 2000 3276 2051 3321; x_wconf 82' lang='lat' dir='ltr'><em>V.</em></span> 
     </span>
     <span class='ocr_line' id='line_1_38' title="bbox 241 3336 2052 3399; baseline 0 -19"><span class='ocrx_word' id='word_1_257' title='bbox 241 3353 280 3382; x_wconf 81' lang='lat' dir='ltr'><em>v.</em></span> <span class='ocrx_word' id='word_1_258' title='bbox 310 3338 390 3382; x_wconf 79' lang='lat'><em>48:</em></span> <span class='ocrx_word' id='word_1_259' title='bbox 426 3340 515 3384; x_wconf 77' lang='lat' dir='ltr'><em>Nec</em></span> <span class='ocrx_word' id='word_1_260' title='bbox 548 3343 725 3384; x_wconf 79' lang='lat' dir='ltr'><em>calamis</em></span> <span class='ocrx_word' id='word_1_261' title='bbox 757 3344 893 3385; x_wconf 84' lang='lat' dir='ltr'><em>solum</em></span> <span class='ocrx_word' id='word_1_262' title='bbox 928 3346 1202 3399; x_wconf 82' lang='lat' dir='ltr'><em>aequiparas,</em></span> <span class='ocrx_word' id='word_1_263' title='bbox 1227 3344 1308 3387; x_wconf 83' lang='lat' dir='ltr'><em>sed</em></span> <span class='ocrx_word' id='word_1_264' title='bbox 1336 3355 1443 3386; x_wconf 78' lang='lat' dir='ltr'><em>voce</em></span> <span class='ocrx_word' id='word_1_265' title='bbox 1465 3345 1730 3398; x_wconf 73' lang='lat' dir='ltr'><em>maqistrum.</em></span> <span class='ocrx_word' id='word_1_266' title='bbox 1835 3337 1878 3395; x_wconf 88' lang='lat'><em>5)</em></span> <span class='ocrx_word' id='word_1_267' title='bbox 1912 3336 2052 3383; x_wconf 78' lang='lat' dir='ltr'><em>series</em></span> 
     </span>
     <span class='ocr_line' id='line_1_39' title="bbox 240 3396 2049 3459; baseline 0.001 -19"><span class='ocrx_word' id='word_1_268' title='bbox 240 3413 299 3440; x_wconf 80' lang='lat' dir='ltr'><em>sc.</em></span> <span class='ocrx_word' id='word_1_269' title='bbox 337 3399 547 3443; x_wconf 77' lang='lat' dir='ltr'><em>librorum</em></span> <span class='ocrx_word' id='word_1_270' title='bbox 573 3399 818 3445; x_wconf 77' lang='lat' dir='ltr'><em>Helmoldi.</em></span> <span class='ocrx_word' id='word_1_271' title='bbox 915 3402 955 3459; x_wconf 87' lang='grc'><em>6)</em></span> <span class='ocrx_word' id='word_1_272' title='bbox 991 3400 1059 3446; x_wconf 79' lang='lat' dir='ltr'><em>Cf.</em></span> <span class='ocrx_word' id='word_1_273' title='bbox 1087 3401 1237 3446; x_wconf 81' lang='lat' dir='ltr'><em>Helm.</em></span> <span class='ocrx_word' id='word_1_274' title='bbox 1272 3403 1299 3445; x_wconf 90' lang='grc' dir='ltr'><em>Ι.</em></span> <span class='ocrx_word' id='word_1_275' title='bbox 1330 3401 1365 3446; x_wconf 87' lang='lat'><em>1.</em></span> <span class='ocrx_word' id='word_1_276' title='bbox 1400 3417 1438 3448; x_wconf 90' lang='lat' dir='ltr'><em>c.</em></span> <span class='ocrx_word' id='word_1_277' title='bbox 1464 3401 1538 3445; x_wconf 83' lang='lat'><em>47.</em></span> <span class='ocrx_word' id='word_1_278' title='bbox 1633 3401 1675 3456; x_wconf 84' lang='lat'><em>7)</em></span> <span class='ocrx_word' id='word_1_279' title='bbox 1714 3398 1752 3442; x_wconf 86' lang='lat'><em>1.</em></span> <span class='ocrx_word' id='word_1_280' title='bbox 1788 3396 2049 3455; x_wconf 77' lang='lat' dir='ltr'><em>Reg.4,25.</em></span> 
     </span>
    </p>
   </div>
  </div>
 </body>
</html>
