2193 3641
173 178 204 232 ‘2
432 161 775 226 ARNOLDI
824 156 1225 218 CHRONICA
1274 152 1716 214 SLAVORUM.

344 335 470 392 Iam
503 327 728 389 saeculi
752 327 877 385 XII.
913 325 1175 384 exeuntis
1208 322 1453 379 clericos
1483 318 1838 378 Lubicenses
1869 320 1983 377 cir·

183 415 581 493 cumspicienti
626 414 775 470 inter
821 413 1015 484 testes9
1062 408 1162 484 qui
1208 403 1543 475 adfuerunt
1585 400 1900 461 donationi
1944 421 1985 459 a

187 497 464 560 Conrado
511 497 784 573 episcopo
833 491 1143 550 canonicis
1188 488 1441 545 maioris
1486 484 1767 545 ecclesiae
1810 483 1986 543 Lubi-

188 585 370 643 censis
403 584 606 651 factae
648 597 704 635 a.
739 579 913 636 1170.
959 572 1016 634 d.
1049 570 1196 630 Nov.
1235 573 1304 631 21
1316 617 1333 648 ,
1381 570 1649 628 occurrit
1681 565 1991 628 Arnoldus

186 673 382 725 custos
427 666 545 722 sive
589 660 1007 719 thesaurarius
1054 652 1303 731 capituli
1338 653 1699 711 Lubicensis.
1805 652 1990 725 Quem

186 771 240 808 a.
283 750 433 808 1172
456 793 470 805 .
506 744 684 803 electo
717 746 775 800 in
808 741 1007 799 locum
1042 736 1310 798 Conradi
1341 737 1621 812 episcopi,
1663 754 1852 812 prope
1886 735 1991 812 Ty-

189 853 317 890 rum
350 834 409 889 in
443 815 811 906 expeditione
842 822 926 881 ad
948 828 1174 881 terram
1203 826 1481 880 sanctam
1511 822 1684 891 facta
1708 818 1994 899 defuncti,

188 916 488 992 Heinrico7
511 909 738 969 ‘abba-te
770 908 1118 966 monasterii
1150 904 1210 963 S.
1243 902 1476 982 Aeyidii
1503 903 1994 980 Brunswicensis,

192 1018 312 1056 una
347 1016 478 1054 cum
524 993 751 1052 decano
799 989 1046 1067 capituli
1076 988 1418 1047 Lubicensis
1448 985 1870 1062 Luneburyum
1912 984 1998 1044 ad

192 1081 535 1139 Heinricum
574 1078 801 1148 ducem,
834 1080 1011 1151 atque
1039 1072 1174 1130 hinc
1203 1071 1643 1147 Brunswiyam,
1678 1074 1748 1127 ut
1763 1069 2001 1128 Heinri-

195 1182 328 1222 cum
347 1160 622 1218 abbatem
639 1159 947 1215 certiorem
960 1154 1032 1214 de
1050 1155 1326 1214 electione
1336 1157 1581 1230 faceret9
1594 1155 1839 1211 missum
1857 1171 2001 1229 esse,

198 1249 256 1304 in
288 1248 416 1320 ipso
443 1241 721 1300 chronico
747 1238 1038 1298 traditum
1061 1244 1160 1297 est.
1197 1237 1359 1296 Idem
1387 1258 1443 1296 a.
1468 1240 1646 1313 1177,
1667 1255 1801 1294 cum
1824 1235 2004 1294 Hein-

199 1331 359 1386 ricus
399 1328 708 1401 episcopus
752 1324 1115 1381 monasterio
1163 1320 1222 1380 S.
1270 1320 1557 1380 Iohannis
1603 1318 2006 1396 euanyelistae

201 1410 430 1470 ordinis
463 1408 619 1466 beati
641 1405 943 1464 Benedicti
975 1404 1154 1464 modo
1185 1409 1526 1463 constructo
1560 1422 1807 1462 mansos
1829 1421 2007 1482 quos-

202 1493 341 1552 dam
375 1495 431 1550 in
459 1489 612 1549 villis
638 1491 842 1547 vicinis
864 1491 1011 1547 sitos
1043 1495 1100 1547 et
1126 1487 1397 1546 redditus
1425 1489 1696 1565 offerret,
1722 1505 1847 1545 una
1870 1504 2007 1544 cum

205 1575 341 1632 aliis
375 1574 604 1631 clericis
635 1578 690 1630 et
717 1572 890 1630 laicis
922 1574 1126 1642 affuit.
1213 1572 1345 1630 Iam
1392 1590 1526 1630 cum
1569 1576 1711 1647 post
1751 1589 1807 1627 a.
1849 1571 2004 1628 1177

207 1660 354 1715 inter
386 1661 557 1713 testes
590 1653 988 1728 diplomatum
1019 1654 1102 1711 ad
1132 1673 1228 1713 res
1259 1653 1696 1713 ecclesiasticas
1723 1651 2011 1710 dioecesis

210 1738 546 1797 Lubicensis
569 1739 988 1810 pertinentium
1019 1735 1322 1793 Arnoldus
1368 1741 1568 1793 custos
1599 1754 1718 1793 non
1751 1733 2011 1811 amplius

212 1825 510 1895 occurrat,
543 1816 647 1876 sed
680 1823 967 1875 occurrat
1008 1820 1133 1886 fere
1175 1836 1406 1893 semper
1450 1815 1711 1876 eiusdem
1754 1820 2013 1896 nominis

213 1903 423 1979 abbas,
455 1902 819 1959 monasterio
852 1899 941 1958 illi
963 1902 1330 1976 praefectus,
1372 1899 1541 1958 haud
1579 1906 1669 1959 est
1708 1920 1816 1960 cur
1845 1921 2013 1978 neqe-

213 2005 364 2061 mus‚
398 1982 481 2042 ad
509 1981 845 2041 Arnoldum
877 1981 1183 2040 custodem
1212 2029 1250 2060 3,
1258 1985 1490 2059 primi
1534 1983 1773 2043 abbatis
1803 2003 2015 2043 mona-

213 2070 376 2127 sterii
409 2067 458 2124 b.
493 2065 780 2124 Iohannis
812 2067 871 2124 in
901 2065 1173 2123 Lubeke⁴⁵
1203 2085 1419 2125 munus
1452 2065 1718 2126 delatum
1750 2086 1890 2126 esse.
1936 2066 2017 2125 Il-

216 2150 321 2209 lud
352 2171 421 2208 ne
452 2151 583 2228 quis
624 2148 887 2225 obiiciat,
932 2147 1099 2206 haud
1139 2155 1415 2208 constare
1443 2149 1780 2209 Arnoldum
1826 2155 2019 2210 custo-

219 2234 347 2292 dem
382 2231 651 2309 reyulam
684 2231 841 2289 beati
868 2230 1170 2290 Benedicti
1193 2235 1543 2309 professum
1574 2234 1735 2292 esse!
1776 2234 2026 2293 Constat

222 2319 369 2375 enim
399 2314 726 2391 capitulum
745 2314 1065 2373 Lubicense
1089 2314 1225 2373 huic
1251 2315 1452 2375 ordini
1474 2318 1665 2387 fuisse
1689 2315 2018 2375 addictum.

224 2398 374 2457 Sunt
406 2404 619 2475 tamen5
652 2399 753 2476 qui
773 2396 1415 2457 Arnoldum-abbatem
1445 2399 1808 2458 monachum
1835 2401 2024 2471 fuisse

216 2487 424 2558 putent
453 2483 800 2539 monasterii
832 2479 940 2539 SS.
973 2480 1205 2558 Aeyidii
1235 2487 1293 2540 et
1315 2480 1592 2541 Auctoris
1613 2482 2025 2542 Brunswicen-

225 2568 324 2642 sis5
359 2571 534 2643 atque
564 2564 698 2623 hinc
730 2567 1085 2623 accersitum
1115 2565 1192 2623 ab
1222 2564 1506 2624 Heinrico
1543 2568 1819 2643 episcopo
1849 2565 2026 2625 Lubi-

228 2650 381 2705 censi
413 2650 469 2706 in
503 2651 929 2710 monasterium
963 2649 1120 2707 beati
1147 2648 1435 2708 Iohannis
1465 2649 1802 2709 Lubicense.
1867 2649 2028 2722 Quo-

229 2748 356 2785 rum
389 2734 705 2789 sententiae
737 2752 805 2790 ex
837 2753 904 2791 eo
937 2735 1135 2792 maior
1157 2731 1305 2806 fides
1329 2732 1647 2792 tribuenda
1680 2752 1803 2792 esse
1827 2731 2027 2802 videa-

230 2817 342 2885 tur5
375 2811 536 2888 quod
567 2818 1016 2875 accuratissime
1061 2815 1134 2875 de
1175 2815 1484 2875 obsidione
1516 2818 1771 2874 civitatis
1800 2816 2027 2874 Bruns-

229 2895 489 2951 wicensis
522 2913 578 2950 a.
610 2897 767 2955 1200
796 2901 970 2968 facta
1000 2901 1242 2974 exponit
1250 2922 1274 2975 ,-
1319 2904 1519 2957 tamen
1562 2918 1635 2957 ne
1678 2898 1856 2956 verbo
1901 2898 2028 2974 qui-

232 2973 361 3032 dem
395 2994 455 3032 se
485 2978 676 3051 ipsum
708 2977 790 3035 ad
832 2983 1259 3039 monasterium
1307 2980 1368 3038 S.
1401 2979 1633 3057 Aeqidii
1663 2979 2030 3038 destructum

225 3059 580 3133 pertinuisse
600 3058 826 3133 prodit.
912 3062 1054 3137 Ipsa
1083 3066 1372 3121 sententia
1395 3065 1587 3138 petita
1619 3067 1707 3120 est
1747 3081 1818 3119 ex
1845 3060 2027 3119 histo·

235 3142 328 3196 ria
361 3138 432 3197 de
462 3138 609 3199 duce
639 3140 919 3200 Heinrico
950 3146 1011 3202 in
1048 3147 1149 3221 eis,
1196 3164 1350 3223 quae
1394 3143 1618 3202 adiecit
1642 3141 1948 3202 Helmoldi
1977 3148 2034 3200 et

233 3221 483 3280 Arnoldi
515 3222 827 3302 chronicis,
873 3244 942 3283 ex
981 3227 1193 3303 quibus
1223 3247 1377 3285 saec.
1404 3226 1548 3285 XIV
1568 3225 1895 3303 compilata
1926 3230 2030 3303 est,

227 3303 350 3378 fide
365 3325 622 3381 prorsus
647 3305 930 3367 destituta
946 3327 964 3364 .·
996 3307 1147 3367 illud
1171 3315 1399 3369 tantum
1426 3315 1677 3388 constat,
1703 3307 2034 3369 monachos
