2193 3641
642 805 744 865 EX
789 804 1333 866 PRAEFATIONE

383 917 448 978 B.
480 919 554 977 Μ.
585 920 648 976 V.
685 919 829 979 ILL.
861 919 904 979 Ι.
935 921 1013 979 Μ.
1049 919 1583 980 LAPPENBERG.

75 1106 453 1196 Arnoldum
501 1136 802 1216 quendam
845 1141 1034 1210 fuisse
1074 1144 1380 1198 auctorem
1423 1139 1686 1199 chronici
1728 1140 1891 1201 illius

77 1223 392 1299 notissimi,
439 1223 779 1296 excipientis
807 1222 1117 1281 Helmoldi
1148 1242 1299 1298 opus
1345 1222 1585 1300 „debito
1627 1227 1740 1296 fine
1770 1245 1891 1284 non

80 1304 619 1382 consummatum«,
679 1303 844 1383 quod
898 1308 957 1363 in
1005 1307 1362 1365 Germaniae
1411 1308 1890 1383 septentrionalis

78 1388 170 1448 vel
199 1389 458 1446 maxime
501 1389 733 1464 imperii
765 1387 1105 1447 Germanici
1131 1388 1416 1446 Heinrico
1452 1388 1528 1446 VI
1528 1435 1546 1467 7
1593 1389 1885 1468 PhilippO,

83 1472 295 1531 Ottone
330 1470 422 1528 IV
446 1473 832 1548 potissimum
889 1470 1294 1549 reqnantibus,
1338 1469 1575 1529 Daniae
1618 1491 1723 1530 nec
1767 1492 1887 1531 non

80 1555 345 1615 aliarum
376 1559 676 1612 terrarum
723 1553 899 1613 rebus
940 1560 1116 1634 atque
1156 1556 1708 1632 crucesiqnatorum
1750 1554 1887 1614 inde

79 1639 158 1698 ab
191 1660 247 1698 a.
286 1642 440 1698 1171
476 1657 662 1717 usque
694 1637 778 1695 ad
809 1658 865 1696 a.
891 1640 1047 1699 1209
1082 1657 1215 1696 cum
1247 1640 1307 1696 in
1339 1644 1563 1696 terram
1592 1643 1885 1716 sanctam,

79 1727 206 1780 tum
263 1723 323 1779 in
363 1721 677 1779 Livoniam.
731 1720 1201 1796 expeditionibus
1243 1720 1622 1779 illustrandis
1670 1723 1888 1780 summi

79 1806 362 1863 momenti
392 1809 495 1881 est,
521 1823 591 1863 esc
614 1806 748 1880 ipsa
780 1807 1049 1863 auctoris
1080 1802 1164 1863 ad
1193 1803 1528 1880 Philippum
1556 1803 1886 1862 Racesbur-

75 1907 313 1966 qensem
347 1889 687 1964 episcopum
725 1887 997 1965 epistola,
1043 1887 1323 1946 chronico
1354 1888 1696 1963 praemissa
1728 1906 1886 1945 com-

73 1977 311 2048 pertum
341 1969 647 2029 habemus.
695 1969 782 2028 De
814 1973 983 2029 cuius
1003 1968 1259 2029 Arnoldi
1290 1971 1517 2046 oriqine
1549 1975 1603 2027 et
1623 1972 1887 2045 pueritia

76 2054 227 2115 nihil
257 2057 400 2114 certi
429 2053 602 2113 nobis
633 2059 873 2113 constat
893 2058 1134 2131 praeter
1164 2072 1255 2130 ea,
1279 2071 1432 2132 quae
1472 2054 1596 2128 ipse
1628 2054 1893 2111 meminit

78 2157 163 2218 „a
198 2143 380 2214 patre
424 2143 483 2196 et
517 2142 710 2197 matre
752 2157 884 2196 vere
932 2135 1278 2195 derelictum
1318 2155 1380 2194 se
1419 2155 1562 2212 esse,
1598 2138 1886 2194 neminem

81 2241 369 2301 umquam
384 2223 747 2300 principum,
763 2223 1052 2280 neminem
1069 2224 1417 2297 maqnatum
1427 2221 1887 2295 patrocinatum

80 2305 196 2365 sibi
226 2324 370 2383 esse,
414 2303 521 2363 sed
551 2307 746 2382 ipsum
773 2303 1097 2363 Dominum
1128 2305 1540 2362 miseratorem
1572 2307 1630 2360 et
1660 2303 1885 2361 miseri-

81 2387 327 2448 cordem
348 2391 583 2459 factum
614 2407 738 2447 esse
766 2388 882 2447 sibi
904 2386 1300 2446 adiutorem‘s.
1349 2385 1619 2444 Lubccae
1650 2404 1782 2443 eum
1805 2386 1887 2443 vi·

83 2477 229 2550 tam,
256 2477 407 2531 certe
436 2474 595 2530 vitae
616 2477 860 2548 partem
890 2473 1094 2549 eqisse,
1121 2470 1455 2547 praecipua
1485 2487 1685 2526 rerum
1712 2467 1886 2525 Lubi-

84 2556 347 2614 censium
376 2556 625 2612 scientia
648 2556 709 2611 in
741 2553 1021 2613 chronico
1054 2553 1397 2628 conspicua,
1427 2554 1569 2629 quin
1593 2553 1770 2608 etiam
1801 2551 1885 2625 ip-

82 2639 165 2695 sis
197 2639 323 2695 eius
353 2636 567 2713 verbis,
600 2639 752 2694 cives
767 2637 1117 2695 Lubicenses
1145 2653 1290 2693 suos
1314 2633 1694 2710 appellantis,
1728 2652 1885 2691 com-

74 2719 394 2797 probatur.
447 2718 690 2778 Ordinis
713 2718 1113 2792 ecclesiastici,
1139 2718 1234 2774 cui
1265 2715 1547 2774 addictus
1569 2718 1773 2792 fuerit,
1798 2734 1886 2773 re-

80 2801 290 2881 qulam
317 2803 515 2877 primo
546 2821 667 2861 non
704 2820 901 2859 severe
943 2820 1006 2859 se
1050 2799 1397 2858 observasse
1443 2818 1575 2856 cum
1618 2799 1886 2856 maxima

84 2887 438 2957 confusione
469 2886 865 2964 conqueritur.
917 2883 1030 2957 Qui
1059 2880 1256 2962 qualis
1282 2883 1471 2952 fuerit
1497 2880 1732 2940 disertis
1761 2898 1885 2937 ver-

84 2968 175 3028 bis
204 2988 327 3029 non
357 2966 526 3047 dixit,
557 2986 904 3048 quanquam
935 2972 1025 3026 est
1058 2985 1165 3025 cur
1185 2970 1468 3042 putemus
1499 2964 1550 3022 b.
1582 2960 1887 3022 Benedicti

83 3053 290 3123 fuisse.
393 3052 558 3111 Certe
607 3050 906 3130 sinqulari
957 3056 1264 3109 auctorem
1314 3049 1503 3119 fuisse
1553 3043 1886 3105 eruditione

81 3136 280 3212 ipsum
303 3132 628 3194 chronicon
641 3133 871 3213 prodit,
903 3153 1088 3214 neque
1105 3132 1507 3209 praetermisit
1535 3147 1887 3187 commemo-

83 3236 245 3295 rare,
274 3215 560 3275 Heinrico
591 3220 955 3293 imperatore
981 3216 1241 3277 Montem
1266 3215 1548 3274 Casinum
1579 3214 1638 3271 in
1669 3210 1890 3288 Apulia

84 3302 424 3380 attinqente,
457 3298 580 3358 illic
607 3302 1017 3379 „requiescere
1047 3299 1098 3358 b.
1125 3295 1570 3358 Benedictum“.

1447 3394 1470 3445 1
