2193 3641
262 199 340 256 64
429 197 778 255 ARNOLDI
820 197 1221 257 CHRONICA
1267 198 1710 258 SLAVORUM.
1779 199 1921 258 LlB.
1953 200 2019 258 11.

107 375 241 420 1181.
264 362 426 439 dum,
472 363 732 441 qualiter
774 364 863 421 vel
907 365 1081 422 nobis
1127 364 1217 422 vel
1249 366 1473 422 civitati
1503 371 1706 423 nostre
1737 367 1797 423 in
1821 366 2089 440 presenti

258 449 608 504 necessitate
638 449 717 505 sit
748 446 1196 505 consulendum.
1255 447 1368 519 Qui
1391 451 1443 505 si
1473 448 1882 506 liberationem
1914 447 2086 505 nobis

252 532 616 607 promiserit,
659 533 882 588 iustum
927 536 1031 608 est,
1075 537 1142 589 ut
1184 532 1480 589 civitatem
1520 534 1571 588 ei
1612 550 1949 605 servemus,-
1993 532 2087 588 sin

228 619 478 689 ¹autem,
526 612 689 691 quod
721 613 1017 690 placitum
1066 620 1155 671 est
1192 617 1251 671 in
1294 614 1483 672 oculis
1513 617 1726 672 vestris
1772 616 2084 685 faciemus.

231 713 235 726 ··
269 695 444 769 Quod
489 700 542 754 si
572 699 775 767 facere
812 696 1147 773 nolueritis,
1193 698 1423 774 sciatis,
1471 717 1672 756 omnes
1704 717 1816 756 nos
1841 717 1956 773 pro
1990 694 2086 754 de-

236 782 526 849 fensione
572 781 833 837 civitatis
874 785 1075 837 nostre
1119 782 1315 857 maqis
1369 785 1579 857 optare
1625 781 1867 839 honeste
1911 781 2086 857 mori,

257 881 438 940 quam
493 860 633 933 fidei
682 861 1009 921 violatores
1061 862 1364 921 inhoneste
1413 865 1668 923 vivere.“
1739 864 2085 944 Episcopus

256 964 406 1024 ergo
423 945 684 1004 veniens
704 947 777 1004 ad
803 945 1248 1025 imperatorem
1269 947 1386 1005 hec
1408 946 1884 1027 diligentissime
1909 966 2087 1027 pero-

252 1028 431 1087 ravit.
480 1029 715 1087 Monuit
748 1029 935 1088 etiam
963 1030 1428 1109 imperatorem,
1462 1039 1526 1089 ut
1560 1050 1800 1089 memor
1826 1050 2087 1090 consan-

253 1112 570 1192 guinitatis
618 1121 677 1171 et
721 1113 975 1191 servitii,
1024 1116 1183 1193 quod
1223 1113 1436 1194 sepius
1487 1114 1541 1173 ei
1587 1116 1705 1173 dux
1751 1112 2084 1194 magnifice

254 1195 651 1273 exhibuerat,
708 1196 1068 1276 patientiam
1127 1198 1386 1256 haberet
1438 1197 1497 1255 in
1553 1205 1844 1277 nepotem
1901 1216 2084 1256 suum

252 1281 493 1338 ducem.
556 1280 902 1359 Imperator
936 1301 1106 1357 vero,
1149 1284 1431 1360 gaudens
1465 1284 1539 1341 de
1574 1283 1840 1341 adventu
1875 1280 2084 1340 domni

253 1362 552 1443 episcopi,
586 1363 724 1442 quia
759 1384 868 1444 pro
904 1364 1068 1423 fama
1097 1369 1255 1424 bone
1283 1365 1590 1444 opinionis
1620 1385 1762 1423 eum
1790 1364 2086 1443 diligebat

254 1455 315 1504 et
339 1446 606 1507 libenter
630 1448 939 1525 audiebat,
966 1447 1056 1507 sio
1082 1448 1165 1506 ait
1189 1450 1263 1507 ad
1289 1449 1524 1528 ipsum:
1569 1447 1823 1506 Multum
1846 1446 2084 1526 quidem

249 1529 588 1608 qaudemus
636 1530 709 1590 de
755 1530 1018 1590 adventu
1063 1537 1278 1610 vestro,
1330 1534 1748 1609 episcoporum
1794 1533 2083 1590 amantis-

248 1615 413 1691 sime,
440 1620 499 1673 et
519 1613 853 1674 admodum.
874 1615 1419 1693 yratumhabemus
1435 1621 1629 1674 vestro
1648 1618 1774 1687 frui
1792 1614 2081 1690 adspectu

249 1697 430 1756 simul
461 1703 519 1755 et
545 1698 866 1777 colloquio.
923 1698 1047 1757 Sed
1076 1698 1240 1778 quod
1271 1701 1425 1758 cives
1455 1702 1633 1758 vestri
1656 1700 2082 1775 arroqantiam

247 1780 566 1839 verborum
608 1781 781 1839 nobis
838 1783 1106 1853 offerunt
1149 1787 1208 1840 et
1250 1782 1415 1862 quod
1461 1784 1762 1840 civitatem
1805 1787 2082 1840 nostram

249 1863 408 1922 ultro
456 1864 629 1923 nobis
671 1885 792 1923 non
838 1868 1133 1942 aperiunt,
1180 1865 1498 1942 credimus,
1547 1864 1712 1944 quod
1755 1885 1861 1924 nec
1893 1864 2078 1941 vobis,

249 1967 354 2005 nec
401 1947 617 2025 alicui,
671 1950 771 2027 qui
815 1968 961 2007 sane
1012 1951 1221 2007 mentis
1264 1968 1388 2007 esse
1435 1948 1801 2026 dinoscitur,
1854 1950 2079 2007 iustum

249 2029 545 2087 videatur.
605 2031 894 2089 Fatemur
924 2031 1181 2110 quidem,
1212 2031 1370 2090 hanc
1400 2032 1685 2109 larqitate
1715 2038 1919 2090 nostre
1948 2050 2077 2088 mu-

249 2114 542 2184 nificentie
572 2113 935 2193 quandoque
965 2117 1198 2191 nepotis
1229 2118 1420 2174 nostri
1452 2117 1640 2186 fuisse
1650 2138 1672 2191 ,-
1715 2113 1820 2173 sed
1852 2134 1923 2172 esc
1959 2134 2075 2193 quo

250 2195 346 2253 illc
374 2203 623 2273 propter
660 2217 837 2256 suam
872 2201 1317 2257 contumaciam
1350 2198 1585 2258 decreto
1619 2201 1885 2257 omnium
1908 2201 2077 2273 prin-

250 2282 447 2355 cipum
473 2279 783 2356 publicam
807 2284 1314 2358 proscriptionem
1341 2285 1574 2358 meruit,
1620 2284 1943 2340 iustissime
1971 2281 2077 2339 hec

249 2369 457 2422 nostro
497 2363 843 2439 possidetur
872 2365 1065 2442 titulo,
1108 2385 1241 2423 cum
1284 2368 1465 2424 etiam
1496 2368 1686 2445 quivis
1726 2367 2074 2442 pontificum

248 2465 364 2504 sua
410 2450 713 2525 receperit,
760 2468 870 2526 que
908 2448 1065 2506 idern
1096 2448 1302 2507 stabili
1332 2455 1607 2507 tenuerat
1637 2449 1932 2520 beneficio,
1997 2447 2076 2506 Et

247 2549 405 2588 nunc
456 2529 693 2608 quidem
735 2531 895 2589 valet
933 2551 1148 2589 manus
1191 2538 1404 2591 nostra
1445 2535 1527 2590 eis
1571 2530 1852 2608 reddere,
1909 2529 2074 2610 quod

246 2619 604 2672 meruerunt.
661 2613 782 2672 Sed
813 2616 955 2692 quia
986 2634 1097 2672 nos
1122 2634 1377 2673 censura
1403 2617 1622 2673 iustitie
1645 2615 1922 2674 omnibus
1945 2633 2072 2671 ma-

249 2699 341 2771 qis
368 2700 720 2771 patientiam
755 2697 1027 2756 exhibere
1060 2702 1298 2773 oportet
1335 2717 1517 2776 quam
1549 2697 1898 2774 vindictam,
1943 2717 2073 2756 ecce

247 2780 306 2835 in
342 2779 455 2836 hoc
480 2783 662 2838 etiam
701 2783 782 2840 eis
822 2783 1243 2858 consentimus,
1275 2786 1358 2858 ut,
1388 2783 1546 2839 sicut
1562 2780 1903 2856 postulant,
1937 2785 2080 2838 eant

247 2859 331 2916 ad
363 2859 673 2920 dominum
718 2884 896 2922 suum
927 2871 986 2923 et
1011 2885 1146 2923 cum
1178 2885 1244 2923 eo
1279 2863 1351 2923 de
1380 2869 1545 2923 statu
1581 2882 1692 2922 suo
1736 2864 2072 2940 conferant,

247 2961 432 3001 unum
483 2946 759 3022 scientes,
812 2949 866 3004 si
916 2949 976 3004 in
1029 2946 1335 3005 redeundo
1390 2949 1685 3006 civitatem
1736 2945 1908 3004 nobis
1949 2966 2072 3005 non

247 3028 608 3103 aperuerint,
651 3030 992 3103 yraviorem
1038 3027 1110 3086 de
1139 3028 1254 3087 hac
1284 3048 1460 3087 mora
1490 3032 1744 3089 sentient
1768 3028 2069 3087 ultionem.

249 3108 424 3180 Quod
469 3116 670 3168 autem
718 3109 931 3188 dicitis,
980 3117 1047 3170 ut
1079 3114 1434 3189 patientiam
1479 3112 1811 3171 habeamus
1840 3113 2071 3186 nepotis

246 3195 442 3249 nostri
472 3192 662 3272 ducis,
694 3197 919 3271 sciatis,
952 3195 1115 3274 quod
1140 3198 1294 3254 mira
1322 3197 1617 3272 patientia
1650 3201 1708 3253 et
1733 3193 1923 3252 multa
1955 3192 2068 3252 cle-

245 3278 471 3332 mentia
502 3297 646 3355 crya
678 3277 847 3336 illum
878 3298 1108 3355 semper
1139 3282 1232 3338 usi
1263 3282 1509 3351 fuimus.
1576 3275 1740 3336 Unde
1770 3280 1831 3335 in
1860 3295 2066 3353 super·

247 3356 404 3415 biam
440 3358 653 3437 elatus,
694 3364 955 3439 qratiam
988 3382 1168 3441 quam
1204 3365 1506 3422 invenerat
1535 3364 1594 3419 in.
1623 3378 1877 3420 vacuum
1912 3379 2066 3419 rece-
