2193 3641
240 167 319 224 30
405 163 748 224 ARNOLDI
792 161 1190 223 CHRONICA
1235 160 1677 222 SLAVORUM.
1749 161 1892 222 LIB.
1926 161 1969 221 l.

90 340 220 384 1¹72.
241 329 430 388 fridus
467 349 605 387 cum
655 329 807 406 suiS,
855 328 1276 387 collaudantes
1309 326 1667 405 Dominum,
1712 326 1814 408 qui
1845 326 2056 387 omnia

237 431 605 492 quecunque
638 411 826 470 voluit
858 411 1004 469 fecit
1034 410 1094 469 in
1128 411 1260 470 celo
1295 419 1356 470 et
1388 409 1448 468 in
1479 418 1663 469 terra.

369 526 458 584 12.
491 525 606 584 Hic
637 544 909 584 reversus
940 530 1030 583 est
1047 522 1649 601 Constantinopolim,
1675 521 1888 583 deinde
1901 522 2060 582 Bru·

235 608 501 666 neswich.
590 609 723 667 Dux
779 616 988 666 autem
1035 607 1443 686 progrediens
1490 607 1751 666 transito
1804 604 2056 667 brachio

238 691 434 749 sancti
476 690 725 768 Georgii
767 689 936 747 venit
974 691 1049 748 ad
1090 692 1304 748 urbem
1344 689 1774 767 Willecume¹‚
1814 698 1877 749 et
1914 689 2059 749 inde

235 774 580 853 procedens
620 771 788 831 venit
826 773 1452 853 Constantinopolim,
1498 773 1597 833 ubi
1639 772 1928 833 homines
1963 771 2061 833 sui

235 855 505 936 receptis
534 855 733 936 equis„
766 875 921 936 quos
956 854 1076 913 illic
1108 855 1509 936 reliquerant.
1542 856 1824 916 abierunt
1848 856 2060 915 Mano-

235 939 448 1021 polim,
483 939 579 999 ubi
613 948 759 998 tunc
791 958 898 996 rex
933 947 1082 997 erat.
1148 938 1265 1011 Qui
1303 939 1560 998 multum
1596 939 1821 999 letatus
1856 948 1952 999 est
1982 941 2059 999 de

235 1023 432 1082 reditu
468 1022 623 1099 eius⁷
657 1031 716 1080 et
743 1041 884 1080 cum
911 1021 1357 1082 honestissime
1384 1021 1754 1082 detinuisset
1779 1042 1921 1082 eum
1948 1042 2066 1103 per

236 1106 467 1185 aliquot
499 1106 654 1184 dies,
703 1105 866 1164 dedit
908 1104 961 1163 ei
996 1104 1463 1185 quatuordecim
1497 1105 1723 1183 mulos,
1765 1114 2059 1165 oneratos

238 1209 386 1248 auro
419 1197 479 1248 et
502 1197 764 1269 argento
793 1197 855 1248 et
880 1187 1097 1248 sericis
1123 1188 1422 1249 vestibus.
1460 1189 1597 1248 Dux
1621 1208 1770 1249 vero
1796 1188 2061 1249 immen-

238 1293 343 1332 sas
389 1272 623 1352 gratias
664 1291 886 1351 agens,
935 1271 1129 1330 noluit
1170 1271 1479 1352 accipere⁷
1524 1271 1735 1331 dicens
1769 1274 1844 1332 ad
1879 1291 2058 1332 eum:

236 1356 448 1415 Habeo
477 1355 764 1433 plurima,
807 1353 1025 1413 domne
1054 1356 1156 1432 mi,
1197 1356 1496 1414 inveniam
1526 1360 1760 1414 tantum
1787 1356 2060 1434 qratiam

237 1442 297 1499 in
323 1438 515 1498 oculis
539 1440 673 1498 tuis.
722 1438 1000 1516 Cumque
1020 1437 1202 1498 nimis
1229 1446 1486 1517 cogeret
1509 1457 1675 1516 eum,
1693 1446 1754 1498 et
1771 1438 1874 1498 ille
1894 1438 2061 1498 nulla

236 1523 475 1582 ratione
520 1521 901 1581 consentiret
939 1521 1257 1602 accipere,
1312 1520 1479 1581 dedit
1519 1531 1877 1582 sanctorum
1921 1521 2062 1580 reli·

238 1608 413 1686 quias
449 1606 501 1664 ei
540 1605 764 1664 multas
800 1613 862 1663 et
892 1604 1235 1684 preciosas,
1261 1625 1417 1685 quas
1443 1606 1884 1685 postulaverat.
1943 1605 2062 1664 Ad-

238 1690 383 1749 didit
416 1689 601 1748 etiam
631 1687 887 1746 multam
921 1686 1193 1767 lapidum
1222 1687 1647 1768 preciosorum
1681 1686 1968 1767 gloriam7
2002 1695 2064 1746 et

238 1774 321 1832 ita
348 1772 651 1832 valedicto
691 1773 810 1830 dux
843 1770 902 1829 in
940 1769 1107 1829 omni
1144 1789 1297 1851 pace
1330 1770 1624 1831 discessit
1656 1779 1719 1831 et
1762 1771 1930 1830 venit
1963 1770 2063 1830 Ni·

240 1876 434 1914 ceam.
505 1856 577 1914 Et
619 1853 882 1914 transito
930 1873 1188 1913 nemore
1234 1873 1463 1933 magno
1509 1854 1682 1914 venit
1725 1856 1800 1915 ad
1843 1873 2060 1934 regem

240 1940 613 2018 Ungrorum,
661 1936 763 2017 qui
801 1945 950 1996 tunc
983 1937 1225 1996 noviter
1256 1945 1504 1996 creatus
1538 1947 1670 1997 erat
1703 1946 1765 1997 et
1795 1956 2062 2016 regnum

238 2021 445 2081 fratris
491 2020 859 2101 optinuerat.
933 2019 1050 2090 Qui
1094 2019 1541 2080 honestissime
1575 2020 1855 2100 suscepit
1897 2039 2064 2097 eum,

241 2108 393 2165 daus
443 2108 498 2164 ei
531 2105 903 2162 conductum
948 2121 1063 2183 per
1091 2111 1324 2162 terram
1359 2124 1561 2179 suam,
1609 2111 1669 2162 et
1699 2103 1783 2162 ita
1814 2103 1934 2162 dux
1969 2121 2062 2161 re-

239 2209 461 2247 versus
497 2195 595 2246 est
633 2187 693 2245 in
737 2183 898 2245 fines
932 2206 1100 2246 suos
1174 2187 1321 2246 Post
1361 2187 1480 2245 hec
1511 2186 1655 2246 abiit:
1687 2185 1808 2245 ad
1794 2205 2064 2266 impexa-

242 2281 463 2348 toiem,
497 2270 596 2349 qui
629 2277 775 2328 tunc
808 2278 941 2327 erat
972 2269 1029 2327 in
1065 2268 1311 2328 civitate
1345 2268 1668 2349 Augusta²
1679 2294 1696 2344 3
1740 2277 1802 2329 et
1831 2269 2063 2329 letatus

243 2363 339 2414 est
382 2353 643 2412 multum
687 2353 763 2411 de
805 2353 1072 2411 adventu
1114 2351 1310 2433 ipsius
1345 2359 1407 2411 et
1438 2352 1578 2432 quia
1612 2353 1856 2412 salvum
1888 2348 2062 2411 illum

241 2437 490 2517 iecepit.
564 2435 866 2496 Revoluto
900 2443 1108 2495 autem
1141 2455 1303 2495 anno
1336 2454 1631 2495 reversus
1666 2443 1762 2495 est
1791 2434 2064 2495 Br-unes

241 2521 426 2594 wich,
479 2527 543 2578 et
586 2518 754 2578 letati
803 2526 947 2577 sunt
991 2537 1213 2578 omnes
1260 2518 1441 2577 amici
1491 2518 1625 2578 eius
1667 2520 1743 2578 de
1791 2511 2060 2578 adventu

242 2602 454 2680 ipsius
529 2603 602 2660 Et
646 2600 859 2658 ditavit
904 2603 1156 2658 domum
1199 2600 1313 2659 Dei
1360 2600 1635 2680 reliquiis
1676 2609 2061 2678 sanctorum,

242 2703 394 2763 quas
436 2702 650 2741 secum
698 2681 1009 2760 attulerat,
1051 2681 1330 2741 vestiens
1380 2701 1489 2743 eas
1521 2703 1671 2744 auro
1705 2692 1767 2744 et
1798 2692 2062 2764 algento

243 2775 302 2825 et
333 2765 633 2845 lapidibus
668 2763 979 2843 pretiosis.
1010 2763 1173 2824 inter
1203 2785 1359 2846 quas
1387 2766 1575 2827 etiam
1602 2776 1781 2827 erant
1809 2766 2061 2827 brachia

244 2848 662 2940 apostolorum
706 2845 936 2927 plura3.
995 2848 1086 2908 De
1119 2848 1369 2930 optimis
1404 2849 1591 2910 etiam
1623 2849 1827 2931 palliis
1861 2852 1935 2909 ad
1968 2869 2063 2907 or·

244 2942 454 2992 natum
497 2929 682 2989 divini
723 2930 958 2990 servitii
1004 2931 1152 2992 fecit
1182 2932 1430 2992 casulas
1462 2932 1785 3013 plurimas⁷
1832 2931 2064 2992 dalma-

243 3016 420 3095 ticae,
454 3012 720 3208 subtilia,
753 3022 815 3073 et
845 3015 1088 3075 ornavit
1120 3014 1440 3075 ecclesias,
1493 3016 1638 3075 Erat
1661 3023 1872 3076 autem
1896 3013 2061 3075 idem

247 3165 286 3222 1)
320 3162 496 3222 Gallipo
655 3164 700 3219 2)
733 3162 784 3207 ln
816 3164 1044 3209 nativitate
1076 3163 1257 3209 Domini
1292 3161 1490 3208 a.1172
1520 3162 1764 3221 imperator
1797 3163 1859 3207 ibi
1892 3161 2061 3206 curiam

245 3165 528 3280 celebravit?
530 3239 570 3268 v.
602 3223 722 3269 Anu.
765 3222 932 3269 Mellic.
982 3223 1159 3269 Contin.
1194 3223 1619 3281 claustroneoburg.
1651 3239 1693 3266 a.
1729 3223 1860 3275 1173,
1893 3220 1945 3265 Τ.
1981 3217 2061 3264 ΙΧ.

244 3285 287 3342 3)
318 3261 550 3387 Ruqliquine
583 3285 637 3327 ab
672 3283 869 3330 Henrico
903 3283 1054 3330 Leone
1092 3285 1252 3330 allatae
1294 3299 1412 3329 nunc
1445 3298 1625 3344 quoque
1659 3257 1923 3328 Hanoveiae
1955 3294 2060 3325 sor-

251 3359 331 3387 53ss
389 3360 408 3387 f
