2193 3641
34 1451 165 1495 1196.

167 194 289 252 214
376 187 725 248 ARNOLDI
764 183 1162 246 CHRONICA
1204 182 1649 243 SLAVORUM.
1714 182 1854 242 LIB.
1888 183 1952 241 V.

171 360 263 416 cio
304 363 471 414 terre
533 353 739 413 multis
786 351 960 411 bonis
1008 351 1338 425 exuberat,
1386 368 1704 427 nunquam
1750 347 1829 408 ibi
1884 349 1988 407 de·

168 440 420 498 fuerunt
459 436 684 497 Christi
734 435 1032 510 cultoreS,
1090 441 1152 492 et
1211 431 1457 491 novelle
1501 430 1769 490 ecclesie
1816 432 1987 511 plan-

168 531 424 581 tatores.
508 521 616 579 Est
659 518 820 578 enim
862 519 1081 576 eadem
1112 524 1278 574 terra
1314 514 1531 574 fertilis
1565 514 1756 594 agris,
1799 517 1991 574 abun·

171 609 325 665 dans
362 603 635 684 pascuiS,
666 602 891 680 irrigua
923 598 1193 676 fluviis¹,
1241 599 1392 658 satis
1427 598 1613 656 etiam
1648 599 1896 677 piscosa
1930 606 1993 656 et

172 689 495 748 arboribus
533 704 879 744 nemorosa.
930 685 1209 743 Domnus
1243 701 1488 762 quoque
1512 680 1865 758 Bertoldus,
1891 683 1993 740 ab·

174 775 285 832 bas
313 771 371 829 in
398 770 608 829 Lucka
622 769 667 846 ²,
693 767 905 826 relicta
930 765 1276 846 prelatione
1303 774 1363 823 et
1387 764 1523 844 ipse
1549 764 1721 824 verbi
1748 763 1993 822 semina

173 853 509 934 gentilibus
538 870 835 932 spargere
869 851 1147 920 studens,
1173 848 1316 906 huic
1346 848 1540 906 labori
1573 867 1694 906 non
1727 847 1996 928 impiger

176 958 246 998 se
279 938 619 1016 ingerebat.
697 935 868 993 Unde
901 932 1099 1012 gratia
1132 931 1243 990 Dei
1287 941 1687 1011 cooperante,
1735 951 1855 989 non
1892 950 1996 1010 pa·

176 1041 313 1080 rum
349 1019 678 1099 gentilibus
707 1017 1076 1097 quibusdam
1103 1024 1399 1094 acceptus
1427 1026 1575 1073 erat.
1632 1014 1999 1075 Considera-

178 1108 326 1164 bant
352 1123 506 1163 sane
532 1103 589 1161 in
633 1100 761 1159 viro
800 1100 1065 1179 gratiam
1095 1097 1613 1176 conversationis,
1647 1107 2001 1177 temperan-

176 1188 329 1247 tiam
364 1184 735 1262 sobrietatis,
768 1181 1141 1242 modestiam
1175 1180 1494 1261 patientie,
1526 1181 1819 1239 virtutem
1854 1199 2001 1260 quo-

181 1291 302 1351 que
335 1269 728 1346 abstinentie,
774 1266 1135 1325 instantiam
1171 1263 1632 1346 predicationis,
1663 1263 2003 1323 iocundita-

179 1363 308 1413 tem
343 1351 737 1412 affabilitatis.

310 1438 482 1497 Unde
523 1444 662 1516 post
708 1436 1042 1494 decessum
1083 1430 1292 1489 domni
1332 1427 1739 1508 Meinnardiss,
1776 1427 1899 1509 qui,
1940 1435 2005 1487 ut

182 1521 567 1602 premissum
612 1526 739 1597 est,
776 1520 1007 1578 bonum
1048 1523 1366 1574 certamen
1409 1512 1704 1590 certavit,
1749 1531 2004 1571 cursum

183 1623 433 1684 quoque
486 1601 730 1661 felicem
785 1595 1304 1676 consummavitd,
1357 1596 1496 1677 quia
1543 1595 1830 1654 omnibus
1877 1604 2004 1652 tam

185 1688 351 1746 clero
387 1706 573 1765 quam
610 1684 835 1765 populo
864 1682 1258 1741 conversatio
1292 1680 1498 1740 domni
1532 1678 1804 1738 Bertoldi
1835 1678 2009 1736 inno-

183 1778 411 1847 tuerat,
445 1769 652 1849 ipsum
688 1765 959 1826 unanimi
994 1779 1310 1824 consensu
1343 1764 1548 1822 locum
1582 1761 1854 1822 defuncti
1881 1780 2010 1820 sor-

185 1854 282 1912 tiri
339 1856 730 1932 exoptabant.
806 1849 922 1921 Qui
977 1848 1239 1907 veniens
1289 1848 1618 1924 Bremam,
1672 1845 2007 1925 episcopus

189 1944 610 1996 consecratur.
689 1934 797 1995 Cui
853 1933 1041 1990 etiarn
1089 1933 1164 1990 ad
1223 1931 1735 2010 supplementum
1781 1927 2007 1987 laboris

187 2019 465 2079 redditus
499 2017 800 2076 annuales
833 2016 893 2074 in
928 2016 1149 2074 eadem
1183 2014 1450 2074 ecclesia
1493 2015 1566 2072 ad
1600 2012 1818 2092 viginti
1851 2029 2014 2069 mar·

192 2123 299 2162 cas
347 2103 740 2181 deputantur.
819 2099 1004 2160 Cuius
1052 2097 1489 2178 predicationis
1539 2094 1829 2155 instantia
1862 2113 2014 2152 non-

194 2185 342 2244 nulli
380 2184 677 2244 sublimes
722 2191 781 2241 et
814 2182 1049 2241 nobiles
1085 2180 1407 2259 signaculo
1442 2188 1659 2238 sancte
1693 2176 1892 2236 crucis
1926 2176 2016 2234 in·

196 2268 429 2348 signiti,
476 2269 550 2325 ad
597 2266 1033 2345 deprimendas
1075 2262 1401 2343 gentilium
1433 2262 1622 2338 vires,
1670 2260 1769 2319 vel
1809 2255 2051 2339 potius*

196 2355 271 2411 ad
307 2351 537 2409 cultum
574 2349 799 2410 Christi
832 2348 1311 2427 perdomandas,
1349 2346 1466 2405 iter
1495 2340 2018 2425 peregrinationis

199 2433 518 2513 arripiunt.
572 2432 698 2491 Nec
731 2432 1062 2490 defuerunt
1094 2431 1456 2488 sacerdotes
1491 2437 1552 2487 et
1582 2425 1854 2504 litterati,
1887 2423 2018 2485 suis

203 2515 731 2576 exhortationibus
782 2534 891 2572 eos
929 2514 1351 2571 confortantes
1398 2520 1459 2571 et
1498 2513 1572 2569 ad
1619 2519 1849 2569 terram
1884 2527 2022 2588 pro—

202 2599 518 2659 missionis
552 2598 712 2656 felici
749 2596 1214 2676 perseverantia
1251 2615 1359 2654 eos
1385 2594 1744 2674 pertingere
1769 2590 2024 2671 promit-

204 2692 430 2742 tentes.
506 2681 579 2739 Et
611 2680 750 2761 quia
787 2679 1085 2760 profectio
1122 2678 1254 2737 sive
1288 2676 1706 2758 peregrinatio
1740 2676 2024 2733 lheroso-

202 2766 478 2824 limitana
527 2773 674 2822 tunc
714 2782 937 2821 vacare
983 2762 1337 2839 videbatur,
1389 2762 1465 2819 ad
1513 2759 2022 2839 supplementum

207 2849 386 2907 huius
427 2846 654 2907 laboris
687 2849 952 2905 domnus
994 2865 1154 2925 papa
1180 2843 1532 2905 Celestinus
1565 2841 1927 2916 indulserat,
1958 2845 2027 2896 ut

207 2931 556 3010 quicunque
609 2928 1092 3007 peregrinationi
1148 2934 1497 2985 memorate
1560 2945 1628 2984 se
1681 2921 2025 2997 vovissent,

211 3080 253 3136 1)
285 3080 435 3135 Riqam
469 3080 686 3134 appellant
711 3103 765 3110 —
791 3091 841 3121 eo
865 3080 978 3135 quod
1007 3081 1064 3120 sit
1093 3079 1280 3131 pascuis,
1310 3079 1451 3131 prati-3
1483 3079 1525 3118 et
1549 3075 1674 3131 aqui-5
1698 3074 1825 3116 valde
1845 3074 2026 3128 irriqua.

212 3137 348 3193 Gesta
381 3139 484 3183 Alb.
520 3154 556 3181 c.
590 3138 634 3190 2,
668 3139 708 3193 §.
742 3137 785 3180 5.
997 3137 1041 3193 2)
1075 3135 1284 3178 Loccum.
1347 3133 1579 3177 Profectus
1621 3140 1686 3176 est
1718 3133 1761 3175 in
1793 3130 2025 3175 Livoniam

212 3215 252 3243 a.
290 3198 420 3252 1194,
448 3213 485 3241 v,
519 3196 776 3241 Albericum
810 3196 852 3239 h.
887 3211 925 3239 a.
1049 3195 1092 3252 3)
1126 3194 1253 3239 obiit
1283 3192 1465 3237 Octobr.
1501 3193 1571 3246 11,
1606 3190 1836 3249 Necrolog.
1870 3189 2030 3234 Lune-

213 3261 356 3317 burg„
390 3258 510 3308 anni,
544 3266 592 3301 ut
626 3258 812 3307 videtur,
850 3256 980 3303 1196.
1015 3270 1053 3299 v.
1087 3253 1221 3299 Gesta
1257 3253 1455 3297 Bertoldi
1478 3268 1516 3296 a.
1548 3251 1677 3297 1198.
1712 3255 1751 3306 ς.
1776 3253 1818 3294 6.
1871 3249 2030 3294 Econ-

212 3327 278 3362 tra
325 3333 347 3360 a
386 3318 499 3361 1195
543 3316 832 3361 Βεηὴοῑάυιῃ
881 3317 1137 3373 episcopum
1184 3322 1487 3358 consecratum
1532 3327 1628 3356 esse
1670 3312 1869 3355 referunt
1909 3310 2029 3356 Anu.

214 3378 468 3424 Stadenses.
591 3377 634 3433 4>
665 3378 710 3420 2.
745 3376 826 3434 Ep.
859 3374 1054 3419 Timoth.
1088 3389 1127 3419 c.
1160 3374 1205 3427 4,
1239 3388 1279 3419 v.
1310 3374 1352 3419 7.
