2193 3641
158 162 509 222 ARNOLDl
555 162 953 222 CHRONlCA
997 162 1438 222 SLAVORUM.
1508 164 1650 222 LlB.
1699 166 1761 223 11.
1863 170 1940 227 43

111 329 325 388 diebus
360 327 671 408 pependit.
718 327 850 384 Alio
883 345 1129 406 quoque
1157 336 1440 407 tempore
1467 330 1679 408 presul
1707 351 1941 390 memo-

112 419 284 470 ratus
350 431 489 469 cum
553 412 779 468 domno
853 409 1192 488 Harthvigo
1258 411 1730 492 archiepiscopo
1796 414 1941 474 Bre-

111 494 338 571 mensi,
386 493 486 573 qui
520 512 629 572 pro
666 512 778 550 sua
811 493 1237 570 generositate
1287 494 1604 552 dicebatur
1650 516 1939 575 magnus,

112 577 174 634 in
193 577 584 635 Thetmarsia
616 575 832 633 eratin
861 576 1128 654 quodam
1150 576 1375 635 celebri
1400 577 1720 657 colloquio
1756 581 1939 639 Cum·

111 679 231 739 que
256 661 348 717 vir
369 659 482 718 Dei
513 658 774 717 missam
805 658 1114 737 publicam
1145 668 1435 738 presente
1463 661 1936 742 archiepiscopo

111 743 476 819 celebraret,
522 741 741 799 accidit
790 750 853 798 ut
901 741 1207 800 effusione
1249 743 1570 822 sanguinis
1612 745 1772 802 facta
1809 747 1937 824 qui·

107 827 250 884 dam
284 825 694 884 Thetmarsus
730 826 1038 901 quendam
1074 827 1147 883 de
1184 825 1540 885 melioribus
1575 836 1738 886 terre
1779 829 1936 886 occi-

108 908 321 966 disset.
397 907 573 979 Quod
608 926 746 964 cum
782 907 1158 966 innotuisset
1190 908 1509 988 episcopO,
1554 911 1626 967 ad
1662 911 1936 968 reconci-

106 990 425 1049 liationem
473 990 756 1047 laborare
791 992 1098 1068 studebat,
1149 999 1211 1049 ut
1245 992 1432 1050 moris
1470 1001 1566 1050 est
1598 992 1757 1050 inter
1789 993 1936 1053 mis-

109 1093 322 1132 sarum
371 1073 775 1152 sollempnia,
830 1072 1001 1130 illum
1047 1073 1219 1131 cuius
1267 1083 1570 1152 cognatus
1628 1075 1936 1134 ceciderat

106 1156 328 1215 obnixe
376 1159 847 1235 deprecabatur,
896 1165 962 1212 ut
1008 1156 1286 1234 proximo
1335 1156 1706 1235 indulgeret,
1754 1160 1935 1238 repli-

108 1257 256 1297 cans
291 1241 366 1298 de
400 1239 677 1297 oratione
713 1237 1051 1296 dominica:
1112 1238 1359 1297 Dimitte
1391 1240 1565 1298 nobis
1597 1239 1798 1299 debita
1830 1261 1934 1300 no·

103 1326 239 1380 stra
271 1330 386 1380 etc.
453 1321 733 1400 Cumque
772 1320 896 1398 ille,
929 1322 1163 1379 tumida
1196 1330 1407 1381 mente
1440 1323 1783 1400 induratuS,
1818 1325 1935 1383 hec

107 1424 232 1462 non
265 1412 604 1484 reputaret,
654 1403 988 1483 episcopus
1024 1406 1099 1462 de
1133 1409 1399 1464 ambone
1433 1408 1821 1466 descendens
1858 1410 1933 1465 ad

104 1487 312 1567 ipsum
345 1487 636 1565 accessit,
662 1495 722 1544 et
754 1505 894 1544 cum
931 1495 1288 1545 sanctorum
1325 1488 1597 1567 reliquiis
1633 1491 1707 1547 ad
1739 1493 1932 1569 pedes

104 1570 266 1629 illius
301 1590 371 1629 se
405 1570 637 1649 optulit.
717 1571 996 1648 Cumque
1031 1570 1130 1628 ille
1165 1571 1528 1631 iuramentis
1562 1573 1930 1632 terribilibus

105 1672 220 1732 per
248 1654 451 1712 Deum
487 1661 549 1711 et
580 1660 844 1710 matrem
874 1654 1007 1710 eius
1043 1661 1102 1711 et
1135 1653 1394 1711 aliorum
1431 1664 1787 1713 sanctorum
1824 1675 1933 1713 no·

104 1735 272 1793 mina
306 1755 376 1794 se
415 1736 624 1814 ipsum
666 1736 1143 1814 constringeret,
1188 1756 1506 1816 nunquam
1541 1758 1610 1796 se
1644 1738 1933 1797 dimissu-

103 1837 266 1895 rum,
314 1817 645 1897 episcopus
695 1838 805 1897 pro
856 1818 1286 1877 benedictione
1331 1821 1774 1880 contradicenti
1808 1821 1932 1880 ala-

105 1920 250 1979 pam
284 1901 618 1959 maximam
654 1900 836 1959 dedit.
910 1902 983 1960 Et
1014 1901 1114 1959 ille
1148 1904 1616 1981 promptissime
1653 1905 1929 1965 extensis

104 1983 390 2041 manibus
426 1986 583 2061 quod
620 1987 947 2061 petebatur
978 1985 1192 2042 annuit
1226 1994 1286 2042 et
1311 1986 1662 2064 proximum
1689 1987 1746 2044 in
1776 2007 1930 2066 pace

102 2065 353 2143 recepit.
401 2065 576 2136 Quod
604 2065 893 2124 divinitus
921 2066 1150 2124 factum
1183 2068 1515 2145 eredimus,
1543 2089 1654 2147 per
1682 2070 1930 2149 alapam

102 2150 437 2207 demonem
480 2152 554 2207 ab
599 2148 851 2206 homine
885 2150 1186 2228 fugatum.
1257 2150 1495 2209 Similia
1526 2152 1586 2209 in
1619 2152 1770 2211 libro
1806 2153 1929 2211 dia-

99 2230 386 2309 logorum
407 2232 568 2290 beati
588 2231 871 2310 Gregorii
897 2232 1314 2306 inveniuntur,
1337 2242 1400 2291 ut
1416 2237 1681 2313 quedam
1703 2238 1930 2294 sancti-

100 2313 388 2372 monialis
442 2313 741 2373 rusticum
785 2317 1096 2393 quendam
1152 2317 1333 2395 alapa
1387 2337 1419 2375 a
1469 2319 1735 2377 demone
1779 2318 1928 2378 libe-

100 2395 314 2454 rav-it1.
370 2396 602 2456 Beatus
639 2397 823 2455 etiam
851 2398 1225 2458 Benedictus
1253 2401 1656 2478 monachum,
1697 2401 1798 2480 qui
1824 2404 1926 2460 de-

101 2498 353 2545 monem
392 2483 790 2558 sequebatur,
829 2481 1016 2560 plaga
1057 2482 1233 2561 virge
1281 2484 1545 2560 sanavit,
1594 2503 1714 2541 non
1764 2485 1926 2563 quod

101 2562 402 2620 demones
437 2562 634 2641 alapis
667 2563 763 2620 vel
801 2564 990 2642 virgs
1033 2567 1352 2640 cedantur,
1400 2585 1538 2623 cum
1574 2566 1696 2625 sint
1726 2566 1926 2625 incor-

98 2644 292 2722 porei,
327 2647 436 2702 sed
470 2644 669 2722 pietas
703 2646 815 2703 Dei
860 2655 922 2704 et
965 2647 1155 2705 virtus
1191 2648 1486 2706 orationis
1519 2649 1598 2708 ibi
1639 2648 1925 2728 intelligi-

98 2734 212 2783 tur.
288 2726 395 2784 His
429 2727 689 2806 aliisque
738 2728 1033 2786 virtutum
1067 2728 1305 2788 indiciis
1341 2730 1648 2789 credimus
1686 2732 1926 2810 episco-

100 2828 249 2887 pum
283 2808 406 2866 iam
440 2809 667 2868 dictum
700 2810 911 2873 vivere
944 2811 1005 2868 in
1039 2812 1303 2872 Christo.

227 2891 336 2950 Cui
361 2893 670 2951 successit
692 2895 957 2953 domnus
984 2894 1289 2972 stridus,
1316 2897 1485 2973 prius
1515 2896 1761 2975 quidem
1786 2917 1924 2976 pre·

102 2972 342 3049 positus
376 2974 436 3030 in
469 2975 904 3050 lherichowe2,
941 2976 1031 3034 vir
1061 2997 1291 3056 magne
1325 2978 1664 3058 religionis,
1694 2980 1834 3058 quia
1861 2980 1921 3038 in

104 3054 323 3112 eadem
370 3058 759 3135 prepositura
803 3079 923 3117 non
961 3069 1025 3118 ut
1064 3060 1423 3139 canonicus,
1471 3063 1580 3120 sed
1615 3071 1676 3120 ut
1708 3082 1921 3122 mona-

105 3201 142 3257 1)
179 3201 288 3260 Cap.
318 3204 380 3245 22
411 3204 514 3248 libri
548 3204 628 3249 ΙΙΙ.
664 3208 941 3264 dialogorum
977 3211 1017 3252 b.
1054 3208 1256 3267 Gregorii
1289 3212 1672 3255 sanctimonialem
1707 3213 1918 3256 rusticum

101 3276 124 3304 a
159 3264 375 3307 daemone
408 3264 514 3308 solis
545 3267 690 3309 verbis
723 3270 917 3324 quidem,
964 3283 1107 3326 neque
1151 3284 1253 3314 vero
1298 3272 1423 3328 alapa
1459 3272 1666 3315 liberasse
1702 3281 1918 3316 narratur.

96 3321 144 3379 2)
179 3320 369 3375 Iericho,
404 3326 706 3383 praepositura
739 3326 1149 3386 MagdeburgensiS.
