2193 3641
143 322 490 384 ARNOLDI
525 322 922 382 CHRONICA
959 318 1401 380 SLAVORUM.
1460 316 1605 376 LlB.
1642 319 1705 374 V.
1800 315 1916 375 185

99 510 221 550 non
251 496 527 567 repetere.
581 489 721 568 Ipse
748 488 1053 568 siquidem
1081 485 1419 566 imperator
1442 486 1916 548 liberalissimus

102 582 250 637 erat.
300 574 501 645 Quem
525 574 693 632 Deus
721 572 1020 651 ampliare
1045 570 1266 629 volens
1299 571 1463 630 dedit
1497 572 1550 630 ei
1583 573 1917 632 thesauros

101 657 518 736 absconditos,
552 676 707 736 quos
741 654 1224 735 infatigabiliter,
1257 674 1380 712 non
1414 663 1624 714 tamen
1658 656 1916 736 prodige

100 741 388 800 omnibus
429 743 746 820 erogabat,
796 759 917 797 non
952 748 1189 798 tantum
1226 739 1583 799 melioribus
1618 740 1717 799 vel
1750 741 1918 800 nobi-

96 823 372 903 lioribus,
406 825 515 884 sed
550 822 916 882 militaribus
950 822 1080 882 sive
1110 822 1489 902 vulgaribus,
1565 824 1915 904 Pauperum

95 927 246 966 vero
292 928 414 966 non
463 906 678 987 segnis
728 906 1013 987 provisor
1056 915 1220 983 erat,
1265 906 1366 986 qui
1414 927 1482 967 se
1522 907 1581 965 in
1628 908 1915 968 omnibus

98 1011 220 1050 non
249 991 448 1050 solum
485 993 844 1071 prudenter,
878 992 986 1050 sed
1023 999 1083 1049 et
1115 990 1407 1070 religiose
1442 1011 1581 1050 cum
1609 992 1916 1071 gravitate

97 1077 374 1154 gerebat.

221 1159 320 1218 21.
350 1156 438 1216 De
468 1156 664 1217 reditu
687 1156 1019 1216 Harthwici
1042 1156 1380 1217 Bremensis
1411 1159 1470 1216 in
1493 1158 1693 1218 sedem
1716 1178 1913 1218 suam.

95 1240 325 1300 Eodem
352 1250 635 1322 tempore
661 1244 927 1321 domnus
954 1242 1303 1322 Hartwigus
1332 1242 1693 1302 Bremensis
1719 1242 1916 1302 archi-

98 1324 452 1405 episcopuS,
497 1346 530 1384 a
564 1325 1009 1385 Bremensibus
1045 1324 1344 1404 eiectus1,
1386 1325 1444 1383 in
1483 1328 1699 1385 sedem
1735 1347 1916 1386 suam

95 1427 389 1467 r'evetsus
425 1417 520 1467 est
554 1428 696 1467 cum
741 1407 1090 1468 coniventia
1132 1409 1278 1467 cleii
1323 1417 1384 1467 et
1419 1409 1913 1469 ministerialium

95 1494 482 1570 quorundam
517 1491 975 1572 astipulatione.
1047 1492 1304 1550 Multum
1341 1493 1507 1551 enim
1542 1502 1754 1552 contra
1791 1494 1916 1574 epi-

93 1594 353 1655 scopum
381 1575 440 1633 in
470 1576 639 1634 curia
667 1576 945 1634 Romana
970 1575 1317 1634 laboratum
1346 1576 1547 1635 fuerat
1572 1598 1680 1657 pio
1710 1578 1913 1637 causis

91 1677 280 1738 supra
312 1658 512 1738 dictis,
545 1659 728 1718 simul
763 1667 822 1718 et
848 1661 1007 1739 apud
1044 1658 1511 1739 imperatorem
1543 1670 1607 1720 ut
1635 1669 1695 1720 et
1718 1664 1792 1720 ab
1827 1662 1916 1720 of-

88 1740 227 1801 ficio
284 1751 604 1801 arceretur
659 1751 720 1801 et
787 1741 1110 1802 beneficio,
1197 1743 1319 1803 Sed
1377 1763 1516 1802 cum
1573 1745 1913 1804 adversarii

89 1844 269 1884 casso
302 1826 515 1885 labore
549 1825 909 1904 deficerent,
943 1846 1016 1885 eo
1051 1829 1210 1907 quod
1239 1828 1504 1886 domnus
1532 1829 1911 1908 apostolicus

88 1908 439 1968 Celestinus
475 1929 618 1968 eum
651 1929 839 1968 manu
874 1918 1140 1989 teneret,
1165 1911 1363 1990 sopita
1392 1912 1810 1972 commotione
1836 1915 1912 1972 ad

88 2011 309 2071 pacem
356 1993 535 2052 rediit
581 1992 866 2052 ecclesie.
943 1994 1006 2052 ln
1051 2002 1294 2053 tantum
1340 1994 1646 2074 siquidem
1696 2004 1913 2055 contra

86 2075 294 2154 ipsum
329 2085 694 2135 excreverat
724 2076 1087 2155 indignatiO,
1122 2086 1186 2136 ut
1218 2077 1611 2158 imperatoris
1641 2099 1911 2139 assensu

83 2167 213 2217 tota
246 2159 514 2219 ecclesia
547 2159 606 2217 in
636 2179 971 2239 personam
1006 2161 1215 2220 domni
1244 2161 1715 2222 Scleswicensis
1748 2163 1913 2224 Wal-

86 2242 322 2301 demari
357 2242 819 2321 convenisset2,
855 2243 1028 2302 cuius
1063 2244 1349 2304 electioni
1385 2245 1444 2303 in
1478 2254 1718 2305 tantum
1769 2266 1912 2305 con-

86 2335 395 2406 senserat,
428 2336 493 2386 ut
526 2331 639 2387 sub
669 2326 865 2407 ipsius
899 2328 1150 2387 nomine
1184 2331 1450 2409 quedam
1482 2330 1730 2409 negotia
1764 2330 1912 2390 Bre-

87 2428 344 2469 menses
371 2411 727 2470 ordinarent
754 2420 816 2470 et
846 2410 905 2469 in
949 2412 1214 2472 monetis
1247 2412 1442 2492 ipsius
1476 2413 1815 2493 imaginem
1851 2421 1914 2472 et

91 2494 687 2573 superscriptionem
727 2504 1257 2574 representarent‘,
1329 2496 1466 2576 lpse
1499 2505 1711 2555 tamen
1749 2497 1917 2556 Wal-

92 2578 385 2636 demarus
433 2597 542 2657 pro
601 2577 708 2636 tali
766 2578 1072 2638 electione
1110 2579 1354 2638 Kanuto
1402 2580 1535 2658 legi
1586 2589 1646 2639 et
1692 2581 1911 2640 amicis

92 2659 225 2719 eius
269 2669 602 2740 suspectus
651 2661 897 2721 habitus
935 2670 1049 2722 est.
1120 2663 1276 2722 Nam
1329 2663 1469 2742 quia
1475 2628 1790 2722 ”Kanutus
1836 2668 1912 2724 ab

88 2741 467 2836 imperatore
501 2743 929 2824 dissentiebat,
961 2755 1292 2826 propterea
1322 2746 1685 2826 episcopum
1719 2747 1913 2827 impe.-

89 2826 313 2886 ratoris
357 2827 915 2907 archipresulatum
965 2830 1347 2908 malignandi
1389 2849 1577 2889 causa
1612 2850 1910 2909 arrogare

94 2909 417 2988 cogitabat.
450 2911 525 2970 Et
544 2911 683 2991 quia
703 2931 888 2971 omne
908 2932 1172 2990 regnum
1193 2912 1456 2972 divisum
1473 2912 1912 2991 desolabitur-⁶2,

92 2991 229 3050 ideo
258 2994 636 3053 Waldemari
666 3014 932 3073 regnum
979 3003 1147 3054 stare
1177 3015 1299 3053 non
1334 2997 1549 3076 potuit,
1592 2997 1733 3077 quia
1769 3017 1911 3056 cum

94 3093 245 3151 rege
276 3077 350 3134 de
374 3097 532 3155 pace
556 3097 678 3135 non
715 3077 931 3137 sensit.
979 3077 1157 3138 Cives
1178 3086 1390 3138 tamen
1416 3082 1713 3138 domnum
1734 3081 1912 3140 Hart-

94 3156 322 3236 wigum
348 3178 468 3217 non
504 3159 769 3218 libenter
797 3160 1203 3240 aspiciebant,
1243 3162 1380 3240 quia
1410 3162 1616 3242 ipsum
1644 3184 1767 3222 non
1798 3185 1912 3245 pei

95 3239 570 3320 imper·,at01em
617 3243 790 3303 cuius
833 3243 1108 3303 animum
1157 3244 1534 3325 offenderat,
1582 3266 1908 3307 reversum

94 3322 397 3386 dicebant.
472 3325 645 3384 Unde
690 3327 745 3384 ei
780 3327 1011 3386 reditus
1047 3327 1332 3407 civitatis,
1381 3349 1536 3409 quos
1571 3329 1912 3410 imperator

99 3451 137 3506 1)
173 3448 243 3493 Cf.
275 3465 405 3507 supra
441 3466 478 3494 c.
513 3451 554 3494 3.
593 3451 663 3496 11.
787 3453 830 3506 2)
864 3451 1030 3499 Confer
1062 3456 1118 3498 de
1150 3455 1367 3498 electione
1402 3453 1680 3500 waldemari
1715 3472 1753 3503 a.
1791 3457 1903 3501 1191

95 3524 131 3553 s.
167 3509 297 3555 1192.
333 3511 447 3555 sacta
481 3510 669 3569 Usingcr
703 3528 744 3571 p.
778 3513 837 3556 48
869 3530 936 3574 sq.
1060 3514 1103 3570 3)
1138 3513 1221 3558 Ev.
1250 3514 1358 3559 Luc.
1397 3515 1466 3569 11,
1504 3516 1574 3560 17.
