2193 3641
140 138 484 200 ARNOLDI
527 137 922 198 CHRONICA
966 137 1409 198 SLAVORUM.
1496 137 1638 196 LIB.
1685 138 1754 196 ll.
1844 142 1922 198 37

99 305 160 364 in
202 305 360 363 ovile
406 303 614 362 ovium
651 322 772 360 non
807 322 918 382 per
949 303 1180 362 ostium
1213 302 1622 380 intraverunt,
1670 305 1779 362 sed
1821 303 1925 365 ali.-

97 389 258 446 unde
273 389 689 446 ascendentes
709 384 729 422 1
757 385 1093 443 ecclesiam
1122 404 1331 444 errore
1358 384 1714 445 scismatico
1741 405 1926 445 vexa·

96 479 334 529 verunt.
406 471 601 530 Cesar
635 467 823 547 igitur
870 467 1192 526 fortunatis
1240 468 1541 527 bellorum
1591 469 2072 532 frustratus1176.

99 574 172 613 ev
182 554 447 631 entibus.
491 551 767 631 graviter
800 551 1109 645 anxiatus,
1151 551 1365 610 exiens
1414 554 1489 611 de
1522 550 1747 611 finibus
1781 552 1922 631 illiS,

94 609 485 695 transmissis
531 634 788 715 Alpibus
833 634 1002 693 venit
1048 635 1109 693 in
1156 643 1368 714 partes
1414 634 1922 728 Teutonicorum,

97 728 159 779 et
192 718 549 779 convocatis
574 717 975 797 principibuS,
1008 718 1097 777 eis
1122 718 1692 797 perturbationem
1677 719 1921 798 imperii

95 802 404 883 exposuit
456 809 518 860 et
564 802 642 859 ad
684 801 1185 880 comprimendos
1228 801 1495 860 rebelles
1537 800 1596 858 in
1642 801 1920 859 Italicam

94 885 553 965 expeditionem
611 903 720 943 eos
785 904 1000 943 secum
1057 884 1357 944 evocavit.
1429 885 1667 942 Ducem
1732 885 1920 942 etiam

91 968 452 1027 Heinricum
500 970 575 1026 ad
627 967 792 1025 hunc
836 967 1114 1026 laborem
1164 967 1332 1025 omni
1387 966 1681 1025 instantia
1730 970 1918 1026 addu-

94 1071 237 1110 cere
282 1057 541 1109 conatus
590 1049 746 1128 est2,
793 1059 854 1108 et
897 1050 1034 1129 quia
1084 1070 1227 1108 eum
1271 1049 1724 1107 formidabilem
1757 1050 1916 1109 Lon-

90 1133 381 1214 gobardis
431 1141 721 1212 expertus
758 1141 909 1211 erat,
951 1133 1212 1211 dicebat,
1259 1152 1328 1191 se
1362 1132 1734 1191 omnimodis
1781 1135 1915 1192 sine

86 1216 283 1296 ipsius
338 1215 655 1295 presentia
720 1224 932 1274 contra
988 1235 1096 1275 eos
1151 1215 1473 1295 prevalere
1529 1236 1651 1273 non
1705 1236 1916 1295 posse.

86 1300 353 1359 Econtra
398 1298 501 1357 ille
548 1301 975 1378 pretendebat,
1023 1319 1092 1359 se
1136 1299 1342 1357 multis
1375 1298 1687 1357 laboribus
1722 1308 1783 1357 et
1815 1318 1917 1357 ex-

88 1381 505 1463 peditionibus
537 1389 666 1440 tam
700 1381 924 1441 Italicis
958 1402 1144 1461 quam
1179 1381 1365 1440 etiam
1400 1381 1536 1439 aliis
1569 1381 1915 1440 innumeris

87 1473 304 1545 utpote
335 1464 459 1523 iam
495 1464 755 1524 senem3
786 1466 1118 1543 defecisse,
1153 1473 1213 1523 et
1244 1465 1414 1523 omni
1447 1464 1772 1524 devotione
1806 1464 1915 1523 im-

86 1547 399 1629 peratorie
453 1548 764 1607 maiestati
819 1569 888 1608 se
941 1553 1383 1609 obsecuturum
1446 1546 1795 1607 affirmabat
1853 1548 1914 1605 in

88 1651 239 1691 auro
289 1639 351 1690 et
395 1639 655 1710 argento
699 1631 1049 1711 ceterisque
1096 1631 1401 1710 impensis
1449 1633 1524 1690 ad
1574 1631 1915 1689 exercitum

90 1714 605 1792 contrahendum,
643 1733 715 1772 se
746 1722 957 1773 tamen
991 1714 1245 1773 omnino
1278 1714 1449 1772 salva
1485 1714 1683 1792 gratia
1717 1712 1913 1794 ipsius

87 1796 148 1855 in
195 1815 467 1876 persona
517 1796 763 1876 propria
808 1796 1020 1856 venire
1067 1817 1259 1876 posse
1308 1800 1596 1876 negabat.
1663 1798 1751 1855 Ad
1793 1797 1913 1855 hec

86 1878 460 1959 imperator:
516 1879 699 1957 DeuS,
739 1879 954 1960 inquit,
998 1880 1104 1939 celi
1133 1885 1187 1939 te
1217 1881 1372 1938 inter
1393 1881 1699 1955 principes
1728 1878 1912 1938 subli-

88 1964 280 2021 mavit
304 1968 361 2020 et
391 1960 613 2020 divitiis
655 1968 714 2021 et
735 1962 1066 2022 honoribus
1107 1982 1289 2039 super
1331 1982 1535 2022 omnes
1577 1961 1909 2039 ampliavit,

89 2064 262 2104 omne
292 2044 482 2103 robur
511 2047 745 2121 imperii
772 2048 834 2104 in
863 2051 916 2105 te
941 2048 1233 2123 consistit,
1266 2050 1324 2104 et
1342 2047 1568 2104 iustum
1595 2050 1697 2122 est,
1727 2050 1799 2103 ut
1825 2043 1910 2102 ad

89 2125 541 2199 confortandas
582 2147 801 2188 manus
832 2131 1100 2188 omnium
1127 2128 1265 2186 huic
1294 2130 1530 2206 neyotio
1553 2129 1908 2204 precipuum

87 2215 142 2269 te
179 2209 475 2289 exhibeas,
517 2215 588 2270 ut
624 2230 721 2269 res
741 2211 1012 2290 publica,
1053 2230 1163 2291 que
1193 2210 1320 2269 labi
1351 2212 1518 2289 cepit,
1546 2230 1655 2287 per
1685 2215 1737 2268 te
1769 2230 1908 2269 con-

86 2292 375 2371 valescat,
413 2302 527 2370 per
564 2313 735 2372 quem
771 2297 1055 2372 precipue
1091 2294 1377 2353 hactenus
1421 2314 1484 2353 se
1521 2295 1750 2352 stetisse
1786 2312 1909 2352 non

88 2373 343 2434 dubitat.
418 2375 742 2436 Memorem
783 2383 837 2437 te
868 2398 992 2437 esse
1021 2377 1317 2454 volumuS,
1365 2376 1530 2455 quod
1568 2375 1752 2435 nichil
1780 2394 1909 2434 um-

87 2476 272 2536 quam
314 2463 411 2526 tue
444 2459 748 2519 voluntati
787 2463 1134 2539 neyavimus
1179 2465 1238 2519 et
1276 2462 1422 2538 quia
1451 2461 1512 2518 in
1541 2458 1770 2517 honore
1801 2464 1906 2517 tuo

89 2539 444 2616 ampliando
474 2560 704 2618 semper
726 2547 939 2619 parati
966 2546 1212 2620 fuimus,
1243 2543 1502 2601 inimicis
1533 2543 1653 2600 tuis
1683 2542 1910 2600 inimici

87 2641 320 2698 semper
340 2624 570 2692 fuimus
601 2630 658 2682 et
676 2624 907 2683 nullum
932 2625 1252 2684 adversum
1275 2631 1329 2684 te
1351 2623 1665 2702 prevalere
1686 2624 1908 2699 permi-

85 2706 291 2763 simus.
366 2704 449 2763 Et
473 2711 544 2764 ut
576 2713 1098 2766 sacramentorum
1139 2706 1317 2779 fidem
1349 2709 1695 2765 omittamus
1724 2698 1936 2783 quam‘

86 2788 335 2863 imperio
380 2790 658 2866 firmasti,
701 2791 1036 2848 meminisse
1075 2795 1128 2848 te
1172 2787 1451 2847 volumus
1482 2789 1907 2864 consanyuini-

85 2871 228 2928 tatis
258 2888 379 2948 qua
409 2870 584 2930 nobis
612 2889 793 2947 super
822 2874 1027 2931 omnia
1057 2873 1291 2948 teneris,
1337 2876 1407 2930 ut
1430 2873 1492 2929 in
1513 2871 1782 2947 presenti
1808 2887 1906 2928 ne-

87 2954 362 3011 cessitate
406 2956 570 3012 omni
608 2953 922 3032 fidelitate,
978 2959 1177 3031 utpote
1215 2955 1417 3030 nepoti
1461 2958 1515 3012 et
1560 2951 1806 3011 domino
1853 2955 1912 3008 et

89 3036 310 3114 amicO,
339 3035 513 3094 nobis
543 3056 855 3115 occurras,
895 3043 952 3096 et
979 3035 1051 3095 de
1082 3041 1272 3095 cetero
1305 3035 1391 3094 ad
1422 3037 1627 3095 omnia
1663 3053 1774 3113 que
1802 3052 1904 3091 vo-

89 3144 130 3202 1)
162 3144 338 3189 Alludit
370 3147 424 3189 ad
457 3145 540 3190 Ev.
572 3146 782 3191 lobannis
817 3147 887 3200 10,
920 3147 947 3189 7
980 3163 1045 3206 sq.
1208 3147 1252 3206 2)
1284 3147 1355 3191 De
1387 3148 1502 3198 loco,
1536 3161 1625 3205 quo
1659 3153 1903 3189 conventus

83 3204 161 3248 ille
193 3206 376 3250 ineunte
409 3221 447 3249 a.
484 3205 614 3250 1176.
655 3207 835 3251 habitus
867 3208 938 3257 sit,
982 3216 1026 3252 et
1057 3208 1113 3251 de
1144 3215 1234 3251 tota
1267 3208 1521 3252 narratione
1552 3206 1756 3264 sequenti
1787 3219 1903 3248 con-

85 3265 154 3309 fer
187 3279 301 3323 quae
327 3274 551 3322 postremo
584 3267 822 3323 disputavit
854 3265 981 3310 Cobn
1024 3268 1071 3310 in
1079 3265 1404 3369 3Gottingische
1431 3266 1641 3310 Gelehrte
1674 3265 1901 3321 Anzeigen

87 3323 203 3367 1863
236 3339 281 3383 p.
298 3325 384 3369 461
407 3341 472 3384 sq.
506 3334 550 3370 et
585 3326 700 3370 1866
719 3342 761 3384 p.
782 3325 870 3369 618
888 3342 953 3385 sq.
1079 3326 1123 3386 3)
1155 3324 1294 3371 Natus
1327 3336 1394 3371 est
1420 3341 1459 3370 a.
1483 3326 1614 3369 1129.
