2193 3641
127 218 471 279 ARNOLDI
522 218 915 278 CHRONICA
960 218 1404 279 SLAVORUM.
1479 222 1619 281 LIB.
1659 224 1698 281 l.
1791 227 1869 284 35

42 385 167 460 hat,
199 382 527 458 insereret,
567 382 650 440 ita
695 384 770 441 de
804 385 1135 442 verborum
1170 384 1303 443 eius
1337 384 1635 445 melliflua
1667 388 1870 447 dulce·

46 465 186 524 dine
222 466 536 524 dulcorate
571 473 739 543 sunt,
783 473 847 523 ut
880 465 1040 524 sicut
1071 475 1397 527 ostensum
1432 469 1521 529 eis
1547 470 1748 528 fuerat
1788 472 1872 529 di-

46 558 259 607 cerent
324 568 467 607 eum
525 568 671 607 vere
725 547 975 608 felicem
1028 551 1347 630 presulem
1412 562 1472 611 et
1523 572 1673 611 vere
1728 551 1871 612 fidei

43 633 381 691 doctorem.

165 715 302 773 Dux
335 722 544 772 autem
579 716 802 773 eodem
835 722 1121 795 tempore
1156 714 1445 775 edificare
1480 718 1642 798 cepit
1675 720 1872 777 eccle-

45 797 204 857 siam
237 797 615 856 Lubicanam
648 797 709 856 in
743 798 1047 857 honorem
1079 799 1241 858 beati
1272 800 1566 860 Iohannis
1602 801 1868 881 baptiste

44 889 105 939 et
141 880 339 939 sancti
365 880 599 939 Nicolai
627 881 1008 940 confessoris
1037 882 1278 942 Christi.
1327 884 1399 941 Et
1431 884 1701 962 primum
1729 905 1868 943 cum

40 964 329 1023 Heinrico
366 964 659 1044 episcopo
685 964 956 1044 lapidem
982 966 1042 1023 in
1069 966 1472 1023 fundamento
1498 968 1724 1046 posuit.
1777 968 1867 1026 Ad

44 1047 216 1106 cuius
267 1048 876 1106 consummationem
925 1048 1091 1107 dedit
1139 1048 1355 1128 quovis
1405 1069 1568 1108 anno
1619 1059 1865 1109 centum

39 1150 286 1189 marcas
319 1131 739 1209 denariorum7
779 1130 1062 1190 similiter
1093 1131 1153 1188 in
1187 1131 1573 1211 Racesburg.,
1607 1142 1668 1191 et
1699 1134 1868 1191 omni

41 1213 244 1271 studio
292 1214 537 1272 novelle
580 1213 948 1293 plantationi
989 1214 1048 1272 in
1098 1215 1356 1294 regione
1403 1215 1749 1295 aquilonari
1781 1217 1870 1274 in-

40 1296 317 1356 sistebat.
400 1296 520 1356 Sed
582 1297 702 1355 hec
759 1296 1112 1356 desiderato
1166 1298 1288 1357 fine
1335 1318 1458 1357 non
1515 1300 1868 1378 complevit,

41 1379 181 1458 quia
231 1387 374 1459 post
403 1388 687 1459 tempora
722 1379 959 1439 dierum
992 1380 1237 1439 illorum
1276 1382 1477 1439 factus
1521 1391 1617 1440 est
1659 1389 1863 1439 motus

39 1481 332 1541 magnus7
363 1462 465 1541 qui
501 1472 695 1521 totam
730 1462 1066 1521 Saxoniam
1102 1463 1512 1521 vehementer
1556 1463 1866 1522 concutie-

36 1547 160 1622 bat,
189 1554 249 1604 et
268 1544 642 1604 intermissis
665 1543 1228 1603 constructionibus
1257 1545 1868 1625 ecclesiarum70epit

35 1625 288 1687 firmare
320 1627 589 1707 presidia
625 1627 940 1686 civitatum
976 1636 1036 1685 et
1074 1626 1339 1707 urbium,
1373 1629 1514 1709 quia
1550 1630 1707 1689 bella
1734 1630 1867 1710 plu-

35 1711 191 1770 rima
226 1714 528 1770 adversus
564 1730 707 1769 eum
743 1714 1220 1788 consurgebant.

169 1797 260 1852 14.
307 1793 523 1852 Passio
553 1793 811 1852 Thomae
843 1795 903 1852 in
925 1792 1140 1870 Anylia
1174 1795 1453 1870 episcopi.
1510 1795 1685 1854 Circa
1712 1804 1867 1854 tem-

37 1895 154 1954 pus
188 1875 334 1934 illud
361 1896 587 1956 passus
618 1885 715 1935 est
740 1877 798 1934 in
826 1877 1045 1955 Anglia
1074 1880 1290 1936 beatus
1318 1878 1591 1937 Thomas
1621 1879 1866 1939 Cantel-

34 1962 364 2036 bergensis
398 1959 932 2040 a1·chiepiscopuS.,
966 1960 1058 2019 vir
1090 1960 1418 2019 sanctitate
1454 1970 1513 2019 et
1550 1961 1863 2019 miraculis

34 2041 318 2121 insignis.
374 2042 490 2113 Qui
518 2062 659 2102 cum
687 2063 795 2122 pro
822 2044 964 2121 lege
989 2043 1101 2102 Dei
1135 2044 1229 2103 sui
1264 2052 1530 2103 certaret
1564 2064 1762 2123 usque
1790 2047 1865 2103 ad

37 2134 329 2202 mortem,
351 2125 624 2186 instante
642 2126 1097 2205 persecutionis
1122 2136 1523 2206 tempestate,
1545 2128 1864 2185 declinans

36 2208 160 2268 iras
205 2209 679 2288 malignantium
725 2209 993 2269 secessit
1037 2211 1112 2267 ad
1161 2229 1388 2288 papam
1421 2210 1866 2286 Alexandrum7

37 2292 140 2371 qui
182 2300 329 2362 tunc
373 2293 434 2351 in
478 2292 735 2351 Francia
781 2292 1087 2371 exulabat,
1141 2301 1202 2350 et
1249 2294 1412 2372 apud
1458 2312 1601 2351 eum
1636 2292 1867 2352 mansit

38 2374 252 2434 diebus
286 2374 556 2453 multis¹,
610 2375 671 2433 in
706 2375 1035 2435 sanctitate
1071 2384 1131 2434 et
1162 2375 1394 2434 iustitia
1427 2376 1712 2436 serviens
1744 2377 1866 2435 Do·

37 2457 205 2516 mino
249 2458 535 2536 omnibus
584 2459 799 2518 diebus
845 2458 966 2516 vite
1016 2478 1145 2517 sue.
1217 2459 1454 2517 Accidit
1497 2467 1707 2518 autem
1742 2480 1864 2516 una

38 2540 299 2615 dierum„
347 2561 489 2599 cum
532 2541 909 2620 apostolicus
958 2543 1207 2601 sederet
1251 2561 1390 2599 cum
1435 2542 1754 2621 episcopo7
1799 2551 1865 2600 ut

39 2622 197 2680 forte
232 2622 449 2700 sitiret„
484 2631 545 2681 et
576 2624 722 2681 dixit
756 2644 947 2701 puero
982 2623 1300 2683 assistenti
1336 2624 1482 2682 sibi:
1530 2624 1699 2695 Affer
1723 2623 1866 2682 mihi

39 2723 265 2782 aquam
307 2703 380 2762 de
420 2707 607 2783 fonte,
649 2712 714 2764 ut
749 2705 965 2764 bibam.
1037 2706 1169 2776 Que
1214 2725 1353 2763 cum
1400 2706 1582 2764 allata
1617 2707 1863 2784 fuisset,

37 2787 182 2846 dixit
215 2788 597 2867 apostolicus
632 2789 956 2868 episcopo:
1025 2786 1284 2846 Benedic
1316 2794 1373 2847 et
1401 2788 1547 2846 bibe.
1610 2789 1727 2860 Qui
1761 2792 1863 2848 be-

35 2869 267 2929 nedixit
298 2891 526 2951 aquam
561 2879 622 2929 et
653 2879 888 2928 mutata
923 2878 1019 2928 est
1050 2870 1109 2927 in
1144 2869 1381 2940 vinum.
1417 2880 1478 2930 et
1508 2872 1724 2931 bibens
1760 2874 1860 2930 de-

38 2953 123 3012 dit
165 2953 520 3033 apostolico.
593 2954 870 3033 Cumque
919 2952 1298 3032 apostolicus
1332 2955 1745 3013 intellexisset
1777 2953 1861 3010 vi-

38 3056 211 3112 num,
259 3036 416 3095 clam
458 3045 676 3108 vocato
709 3055 923 3117 pacm,
963 3035 1112 3095 dixit
1143 3039 1218 3096 ad
1257 3058 1432 3096 eum:
1508 3036 1666 3109 Quid
1696 3032 1860 3093 detu-

39 3117 162 3177 listi
184 3119 395 3178 michi?
455 3119 572 3191 Qui
597 3120 770 3179 dixit:
814 3117 1067 3198 Aquam.
1112 3122 1186 3180 Et
1210 3121 1344 3180 ille:
1388 3118 1719 3191 Affermihi
1751 3117 1860 3175 ad-

32 3200 169 3278 hue,
216 3203 319 3280 ait7
373 3201 445 3261 cle
499 3202 723 3262 eadem.
808 3203 1089 3283 Cumque
1137 3205 1256 3262 hoc
1299 3204 1573 3262 secundo
1624 3202 1855 3260 factum

39 3326 78 3385 1)
112 3327 320 3430 iam-{170
371 3329 564 3375 Thomas
609 3330 737 3375 rediit
781 3331 822 3372 iu
859 3331 1060 3386 patriam,
1105 3332 1209 3374 inde
1241 3330 1394 3387 pulsus
1429 3329 1482 3371 ab
1516 3327 1717 3373 Hem-ico
1751 3341 1854 3384 rege

34 3400 72 3430 a.
232 3423 242 3434 .
