2193 3641
110 258 478 326 'ARNOLDI
517 261 910 324 CHRONICA
955 258 1395 321 SLAVORUM.
1470 256 1592 316 LlB
1653 255 1746 315 111.
1834 256 1913 316 85

85 432 294 511 chum7
326 431 432 492 sed
459 430 518 489 in
543 428 803 490 veritate
829 427 1161 500 diabolum,
1194 424 1296 504 qui
1323 423 1395 482 ad
1423 422 1747 481 hominum
1779 442 1913 501 per-

86 516 384 575 ditionem
425 515 538 573 sub
585 511 793 592 specie
831 509 1148 590 religionis
1195 508 1255 567 in
1303 507 1598 587 angelum
1643 506 1801 564 lucis
1845 525 1913 564 se

86 600 663 658 transformaverat.
720 594 805 652 Ex
839 593 1013 652 cuius
1046 593 1322 673 pendens
1357 589 1640 668 consilio,
1673 608 1912 667 omnes7

88 702 244 762 quos
276 681 381 741 ille
413 680 468 740 ei
500 686 827 759 suspectos
858 677 1112 752 fecerat,
1149 676 1267 736 iste
1299 674 1512 733 statim
1546 672 1910 733 exterminio

82 766 382 824 tradebat.
460 762 741 842 Cumque
790 782 910 819 una
946 760 1183 819 dierum
1216 756 1407 839 puer¹
1457 757 1532 817 de
1564 756 1781 815 matris
1813 757 1913 814 ab·

87 847 291 908 sentia
323 855 707 925 quereretur,
740 844 844 904 ille
877 843 1224 924 respondit:
1271 841 1360 901 De
1390 842 1608 900 matris
1640 840 1914 898 absentia

85 950 159 990 ne
203 932 287 990 sis
330 928 647 1007 sollicitus,
694 928 871 987 salva
912 929 1064 986 enim
1109 932 1199 986 est
1240 931 1299 985 et
1337 927 1398 984 in
1442 930 1567 982 tuto
1605 923 1741 982 loco
1775 942 1915 981 con·

82 1015 255 1073 sistit.
318 1006 396 1071 Et
435 1032 577 1072 cum
611 1033 721 1092 per
751 1011 1031 1091 singulos
1064 1010 1193 1071 dies
1226 1029 1380 1089 puer
1412 1009 1715 1066 molestus
1748 1014 1917 1066 esset

85 1097 140 1157 ei
174 1105 441 1156 matrem
474 1095 865 1175 requirendo,
899 1094 1002 1153 ille
1035 1093 1381 1174 respondit:
1425 1090 1625 1148 Mater
1658 1096 1764 1148 tua
1788 1090 1916 1168 qui-

85 1179 220 1240 dem
248 1179 426 1239 salva
458 1185 561 1257 est,
592 1177 718 1256 sed,
751 1199 822 1237 ne
852 1177 1077 1236 diutius
1102 1176 1175 1235 de
1198 1178 1324 1234 eius
1348 1174 1621 1233 absentia
1643 1175 1914 1250 tristeriS,

84 1263 174 1322 ad
202 1283 337 1322 eam
366 1265 727 1343 quantocius
757 1261 884 1320 ibis.
941 1260 1018 1319 Et
1046 1259 1230 1319 iussit
1259 1258 1502 1317 occulte
1525 1278 1789 1337 puerum
1816 1257 1915 1316 de-

86 1346 226 1407 duci
251 1355 314 1407 et
335 1347 522 1405 simul
547 1365 689 1404 cum
721 1353 920 1405 matre
951 1343 1179 1403 necari.
1229 1342 1364 1413 Quo
1393 1341 1580 1418 factQ
1615 1359 1912 1418 sponsam

86 1430 220 1490 eius
264 1430 435 1488 duxit
482 1449 772 1508 uxorem,
826 1426 1166 1509 repudiatis
1204 1426 1471 1503 duabus7
1532 1443 1685 1503 quas
1731 1431 1915 1483 antea

85 1513 364 1595 legitime
409 1509 686 1573 duxerat.
769 1512 916 1571 Post
973 1511 1090 1571 hec
1149 1509 1300 1568 dixit
1343 1509 1417 1568 ad
1472 1505 1915 1567 auricularium

87 1617 303 1656 suum:
367 1595 524 1670 Quid
567 1595 674 1654 tibi
712 1595 987 1676 videtur?
1027 1613 1168 1654 num
1210 1594 1505 1652 remansit
1529 1590 1770 1670 aliquis,
1814 1592 1918 1669 qui

87 1679 402 1739 insidietur
429 1679 648 1738 honori
670 1678 844 1738 meo?
886 1678 1000 1737 Est
1021 1677 1239 1749 adhuc,
1267 1675 1371 1753 ait,
1403 1694 1560 1733 unus
1588 1673 1662 1733 de
1692 1692 1915 1752 coyna-

85 1765 163 1822 tis
193 1764 310 1822 tuis
325 1762 369 1841 ²,
400 1781 571 1841 quem
601 1767 941 1839 suspectum
967 1761 1177 1819 habeo.
1248 1758 1371 1818 Sed
1401 1760 1545 1838 quia
1575 1756 1748 1816 illum
1768 1776 1914 1834 pro-

78 1852 218 1923 pter
245 1848 495 1905 nimiam
525 1846 1105 1923 consanyuinitatem
1143 1846 1267 1902 vita
1302 1844 1549 1920 privare
1577 1861 1699 1900 non
1724 1845 1914 1919 poteS,

87 1929 331 1989 reclude
362 1949 496 1988 eam
526 1931 587 1988 in
618 1927 886 1987 claustro
918 1927 1375 2003 monachorum,
1399 1932 1469 1985 ut
1493 1924 1584 1984 vel
1616 1926 1704 1984 sic
1735 1929 1923 1983 cesset

89 2013 199 2072 tibi
241 2012 334 2072 vel
361 2032 545 2091 reyno
577 2018 680 2071 tuo
712 2010 1057 2089 maliqnari.
1118 2010 1298 2082 Quod
1331 2030 1472 2087 cum
1505 2009 1739 2068 factum
1770 2006 1917 2066 fuis-

87 2104 205 2175 set,
249 2096 503 2156 adiecit:
575 2095 736 2154 Num
782 2095 924 2154 bene
960 2100 1102 2153 sunt
1140 2093 1384 2153 omnia?
1452 2092 1530 2151 Et
1572 2091 1709 2151 ille:
1758 2091 1918 2150 Bene

86 2178 325 2259 quidem
356 2185 503 2238 sunt
530 2181 755 2257 omnia,
782 2177 890 2237 sed
921 2177 993 2237 de
1014 2197 1244 2255 sponsa
1267 2183 1372 2236 tua
1396 2195 1518 2235 non
1543 2176 1684 2234 bene
1705 2177 1916 2252 sentio,

88 2265 225 2339 'ipsa
250 2264 403 2322 enim
418 2261 655 2322 videtur
671 2267 884 2321 contra
911 2267 965 2320 te
977 2261 1200 2320 habere
1217 2258 1656 2319 amaritudines
1669 2263 1918 2336 propter

80 2347 312 2422 prioris
340 2348 549 2424 sponsi
577 2347 947 2406 memoriam.
1019 2343 1142 2408 Sed
1176 2344 1281 2403 hec
1310 2345 1371 2403 in
1402 2344 1779 2414 confessione
1809 2360 1917 2399 au-

93 2428 318 2488 dienda
365 2435 471 2509 est,
517 2435 583 2489 ut
610 2431 699 2489 sic
729 2428 969 2488 occulta
1001 2427 1206 2487 cordis
1237 2429 1363 2486 eius
1391 2428 1719 2497 manifesta
1748 2428 1915 2499 fiant.

96 2513 180 2570 Tu
212 2532 350 2572 vero
381 2515 525 2590 ipse,
568 2512 854 2572 simulato
896 2511 1063 2571 vultu
1105 2509 1462 2588 sacerdotiS,
1505 2512 1691 2568 vicem
1719 2527 1920 2567 sacer-

93 2594 253 2654 dotis
282 2597 557 2671 arripies.
603 2595 736 2654 Hiis
769 2616 919 2675 ergo
947 2595 1191 2671 auditis,
1223 2593 1374 2652 dixit
1397 2595 1471 2652 ad
1506 2613 1675 2653 eam:
1726 2591 1920 2671 Usque

91 2696 211 2756 quo
257 2678 661 2736 morabuntur
700 2680 762 2736 in
791 2683 845 2736 te
876 2680 1267 2755 coyitationes
1296 2676 1513 2735 noxie?
1545 2674 1741 2734 >video
1773 2677 1835 2733 in
1865 2679 1920 2732 te

45 2830 49 2834 y
92 2758 536 2826 amaritudines
566 2779 710 2837 esse,
754 2759 862 2819 sed
891 2759 1045 2819 vade
1090 2765 1149 2818 et
1179 2762 1460 2831 confitere
1492 2762 1749 2835 peccata
1790 2762 1921 2836 tua,

91 2848 161 2902 ut
205 2845 293 2901 sic
336 2862 377 2901 a
413 2845 719 2920 pravitate
775 2842 980 2902 cordis
1033 2844 1121 2901 tui
1179 2839 1477 2907 mundata
1530 2841 1922 2919 equanimiter

85 2928 289 3003 possis
317 2925 518 2985 videre
546 2928 767 2998 faciem
797 2945 1011 2984 meam.
1073 2925 1183 2983 Illa
1216 2932 1426 2984 autem
1459 2925 1746 3001 abeunte7
1786 2943 1920 3002 pre-

0 3009 3 3090 Ἰ
91 3009 262 3068 venit
292 3028 501 3088 senex,
547 3017 922 3089 sumptoque
970 3007 1339 3067 sacerdotali
1383 3007 1619 3084 habitu,
1665 3006 1814 3064 dixit
1843 3006 1919 3064 ad

1 3162 3 3164 v
93 3112 265 3150 eam:
329 3091 508 3170 Filia,
553 3095 831 3164 confitere
869 3096 1123 3168 peccata
1154 3096 1262 3149 tua
1294 3097 1352 3150 et
1385 3111 1457 3150 ne
1494 3089 1841 3148 abscondas
1880 3108 1917 3146 a

0 3204 3 3246 χ
93 3194 185 3233 me
213 3194 564 3234 sermonem.
640 3175 825 3233 Vicem
866 3177 1021 3233 enim
1060 3173 1277 3234 Christi
1310 3179 1497 3252 teneO,
1543 3179 1600 3232 et
1624 3175 1769 3252 quia
1797 3174 1921 3248 ipse

89 3260 260 3317 novit
285 3260 510 3336 omnia,
550 3257 732 3316 nichil
760 3257 1109 3316 abscondas
1138 3259 1198 3315 in
1229 3262 1335 3315 tua
1367 3258 1743 3316 conscientia.
1806 3255 1920 3313 Illa

0 3333 5 3396 ἶ
91 3360 238 3401 vero
266 3340 634 3421 simpliciter
649 3341 724 3400 de
741 3340 1083 3399 venialibus
1108 3339 1464 3417 confitente„
1483 3347 1697 3419 utpote
1713 3338 1923 3398 iuven-

96 3466 136 3520 ¹)
170 3467 265 3512 scil.
299 3468 497 3518 Alexim,
530 3466 752 3512 Mannelis
784 3467 919 3510 filius.
1045 3465 1088 3520 2)
1126 3463 1202 3506 seil
1252 3462 1431 3506 lsaacus
1467 3462 1681 3520 Angelus.
