2193 3641
244 246 366 305 280
450 242 795 303 ARNOLDI
826 242 1222 304 CHRONICA
1254 241 1696 303 SLAVORUM.
1766 243 1909 304 LIB.
1934 244 2058 305 Vll.

243 411 634 488 deliberaret,
666 410 806 489 quid
839 411 913 469 de
946 409 1083 490 ipso
1110 408 1511 477 cardinalium
1540 410 1795 471 consilio
1821 411 2063 472 ordina·

243 505 352 554 ret.
400 495 833 554 Waldemarus
873 502 1104 572 autern,
1146 494 1362 553 videns
1404 514 1474 553 se
1506 494 1566 552 in
1608 503 1738 553 arto
1764 495 2062 576 positum,

243 600 365 638 non
412 578 765 638 licentiatus
805 579 1182 655 abscedenS,
1226 580 1301 638 ad
1342 577 1690 659 Philippum
1731 598 1947 659 regem
1988 598 2059 639 se

241 663 577 742 transtulit,
611 681 796 743 quem
822 662 923 719 ille
951 681 1091 720 cum
1118 662 1354 721 honore
1381 662 1672 721 Bremam
1708 663 1890 723 misit.
1939 661 2059 735 Qui

243 747 589 807 exultantes
638 754 698 803 et
728 744 1137 825 tripudiantes
1177 765 1321 804 eum
1355 745 1802 806 honestissime
1849 765 2062 806 susce-

241 839 481 912 perunt.
526 829 920 907 Apostolicus
941 837 1173 908 autem,
1194 829 1403 889 missis
1431 830 1710 910 epistolis
1737 832 1812 890 ad
1836 850 2057 890 omnes

242 914 544 974 ecclesias
560 912 893 973 Gernianie
911 921 973 972 et
985 913 1202 991 Gallie,
1219 913 1687 974 Waldemarum
1705 914 2060 975 inobedien-

238 1008 367 1059 tem
407 999 679 1058 districte
728 996 1344 1057 excommunicavit1.
1420 997 1799 1059 Bremenses
1845 1008 2056 1058 tamen

238 1084 359 1142 hoc
406 1085 480 1143 ad
527 1092 774 1163 tempus
819 1082 1219 1162 ignorabant,
1269 1081 1408 1161 quia
1456 1082 1693 1142 litteras
1738 1081 2061 1163 apostolici

239 1188 424 1227 nemo
471 1167 560 1227 eis
613 1166 935 1248 porrigere
981 1169 1407 1245 presumebat,
1453 1167 1649 1226 donec
1689 1166 1751 1225 in
1792 1169 2058 1245 quadam

240 1253 432 1311 missa
468 1252 711 1331 publica
739 1271 772 1310 a
803 1252 1094 1330 quodam,
1120 1250 1295 1330 quasi
1326 1270 1466 1308 curn
1487 1249 1711 1310 ceteris
1730 1249 2059 1328 offerente,

239 1336 301 1394 in
335 1336 509 1395 altari
543 1335 745 1416 posite
780 1343 940 1394 sunt.

90 1430 223 1478 1208.
372 1425 462 1479 11.
517 1419 605 1479 De
636 1418 1007 1496 expeditione
1047 1416 1414 1477 Waldemari
1444 1420 1615 1496 reyis.
1687 1419 1815 1477 Rex
1849 1432 2058 1477 autern

241 1505 675 1564 Waldemarus
723 1502 928 1562 audito
970 1502 1220 1560 introitu
1265 1502 1510 1580 cognati
1556 1501 1648 1560 sui
1683 1501 2059 1561 Waldemari

242 1588 552 1669 episcopi,
615 1608 756 1647 cum
817 1586 1205 1646 multitudine
1264 1584 1439 1665 gravi
1498 1593 1729 1644 terram
1789 1585 2060 1665 intravit,

242 1672 515 1731 exercitu
557 1672 844 1731 videlicet
894 1670 1168 1751 equestri
1217 1679 1277 1728 et
1307 1670 1532 1744 navali,
1578 1668 1879 1750 impedire
1914 1688 2058 1728 eum

239 1757 458 1815 volens
495 1757 614 1834 vel,
646 1756 697 1815 si
738 1763 974 1833 posset,
1012 1754 1196 1812 alium
1227 1753 1280 1812 ei
1314 1754 1709 1813 substituere.
1771 1754 2057 1812 Werram

240 1861 483 1920 quoque
509 1841 746 1901 habens
781 1847 993 1898 contra
1020 1837 1453 1912 Guncelinum,
1485 1836 1775 1896 comitem
1810 1839 1882 1896 de
1907 1837 2061 1896 Zve·

238 1924 353 2001 rin,
395 1933 456 1983 et
492 1925 746 1983 fratrem
785 1924 915 1982 eius
941 1921 1320 1996 Heinricum,
1361 1920 1460 2000 qui
1503 1941 1642 1980 eum
1672 1921 2062 1981 offenderant

244 2043 317 2053 —-
354 2008 550 2067 eiecto
590 2010 666 2067 de
711 2017 875 2065 terra
915 2007 1192 2065 Iohanne
1226 2004 1329 2085 qui
1363 2005 1836 2084 cognominatur
1867 2004 2059 2082 GanS,

242 2092 415 2151 cuius
445 2100 718 2152 castrum
738 2091 1021 2150 Grabove
1040 2090 1343 2150 violenter
1372 2088 2057 2148 abstulerant—misso

242 2176 512 2236 exercitu
573 2196 683 2257 per
742 2194 963 2234 manus
1023 2172 1255 2233 Alberti
1316 2172 1554 2231 comitis
1602 2171 2060 2251 Nordalbingie,

242 2280 426 2340 quem
462 2269 624 2320 terre
650 2260 1020 2340 prefecerat,
1050 2257 1249 2338 primo
1281 2256 1750 2334 Boyceneburg,
1784 2263 2057 2315 castrum

239 2343 551 2425 ipsorum,
599 2344 752 2404 dirui
794 2343 968 2418 fecit,
1015 2342 1236 2401 deinde
1280 2360 1530 2399 omnem
1576 2348 1808 2399 terram
1851 2339 2059 2399 Zveri·

242 2448 503 2487 nensem
539 2424 1098 2508 irrecuperabiliter
1121 2424 1405 2483 vastavit.
1449 2424 1883 2483 Waldemarus
1909 2442 2057 2482 vero

243 2511 576 2592 episcopus
608 2511 914 2592 impetere
953 2508 1252 2569 terminos
1284 2506 1454 2588 regis
1488 2506 1811 2587 disposuit.
1872 2509 2055 2568 Cum-

243 2616 361 2675 que
402 2595 630 2655 bellum
675 2595 836 2655 inter
881 2615 989 2655 eos
1039 2592 1388 2673 parturiret,
1434 2591 1627 2671 ipsius
1668 2590 2056 2671 propositum

242 2679 669 2739 occasionibus
704 2678 889 2738 variis
922 2676 1285 2756 impeditum
1320 2683 1431 2733 est.
1485 2674 1878 2735 Burchardus
1904 2695 2057 2735 sane

243 2764 439 2822 maior
497 2761 852 2842 prepositus
928 2762 1000 2818 ad
1076 2758 1682 2838 archiepiscopatum
1745 2758 2055 2838 aspiranS,

242 2848 543 2926 quosdam
577 2846 815 2903 habens
850 2844 1155 2903 electores
1189 2843 1262 2901 de
1302 2842 1705 2921 Hamenburg
1728 2841 1827 2900 vel
1868 2840 2054 2900 etiam

242 2932 315 2988 de
343 2928 588 3006 Brema,
620 2929 693 2985 ad
725 2947 944 3007 regem
971 2927 1138 2985 venit
1163 2934 1224 2985 et
1247 2929 1322 2985 ab
1349 2945 1422 2984 eo
1447 2925 1878 2983 investituram
1906 2944 2055 3004 pon-

240 3012 529 3072 tificalem
565 3010 819 3091 accepit.
881 3013 1160 3090 Cumque
1193 3009 1422 3089 potitus
1464 3007 1684 3066 fuisset
1714 3008 2054 3087 Hamburg,

241 3117 355 3176 per
403 3097 703 3177 quosdam
746 3094 980 3153 amicos
1025 3093 1192 3174 regis
1236 3091 1510 3152 Stadium
1552 3090 1895 3172 occupavit.
1967 3091 2052 3151 Ad

244 3182 404 3259 quod
428 3179 689 3238 veniens
715 3177 1149 3236 Waldemarus
1173 3173 1556 3252 BremensiS,
1590 3175 1789 3233 adhuc
1812 3173 2054 3233 latenti·

240 3265 354 3322 bus
387 3262 646 3335 insidiis,
690 3261 835 3320 illud
876 3260 1108 3320 intrare
1140 3260 1416 3336 volebat,
1460 3259 1569 3317 sed
1613 3277 1756 3337 pars
1790 3259 2053 3316 adversa

241 3344 502 3406 firmatis
523 3345 714 3427 portis
745 3364 865 3404 non
895 3343 1231 3423 recipiebat
1254 3362 1414 3401 eum.
1467 3340 1643 3412 Quod
1674 3339 2052 3420 intelligens,

244 3457 284 3515 1)
318 3456 570 3516 Diplomata
603 3457 847 3501 Innocentii
883 3472 921 3501 V.
956 3458 999 3500 in
1034 3454 1199 3498 Hamb.
1234 3453 1368 3498 Urkb.
1405 3470 1445 3512 p.
1481 3452 1563 3495 321
1602 3468 1668 3511 sq.
