2193 3641
404 190 756 251 ARNOLDI
804 188 1209 249 CHRONICA
1255 186 1698 247 SLAVORUM.
1924 190 1961 248 9

147 377 271 418 esse
292 365 481 435 patet,
526 355 830 416 nonnullis
875 355 1023 414 locis
1069 359 1226 414 notis
1272 358 1494 415 criticis
1537 355 1963 415 adnotandum

147 445 502 501 censuimus.

313 524 504 585 Plura
550 543 620 583 ex
660 543 748 602 eo2
793 524 888 582 hic
928 522 1050 581 illic
1095 523 1287 582 verbis
1322 543 1657 601 parumper
1696 527 1962 601 mutatiS,

148 606 469 684 descripsit
507 607 901 666 Hermann
924 626 1008 666 us
1038 607 1479 686 Kornerus,
1528 610 1697 666 cuius
1730 608 1964 667 chroni-

148 711 260 750 con
290 712 338 750 c.
373 711 430 749 a.
472 692 629 752 1435
662 693 1065 768 conscriptum
1097 698 1218 767 est5
1251 712 1600 771 quanquam
1632 695 1828 768 ipsum
1857 691 1964 751 Ar·

144 773 318 834 noldi
345 794 561 834 nomen
591 774 826 834 videtur
855 776 1186 854 iqnorasse.
1288 776 1401 850 Qui
1443 797 1578 835 cum
1624 777 1818 835 bonae
1858 797 1963 836 no-

147 863 244 917 tae
274 858 429 918 libro
453 857 710 917 Arnoldi
738 861 821 918 sit
845 879 1011 937 ηεαδ,
1039 862 1376 936 copiosiore
1406 863 1629 919 nostris
1661 880 1806 919 usus
1838 879 1963 919 esse

139 941 456 1020 putandus
485 962 608 1002 non
638 948 740 1002 est.

314 1025 682 1086 Albertus
724 1024 811 1086 de
857 1025 1433 1105 Crummendyk,
1481 1047 1635 1106 quae
1681 1026 1753 1086 de
1782 1026 1965 1086 Hein-

147 1112 295 1188 ricO,
342 1109 626 1170 Conrado
657 1110 734 1188 II,
781 1108 1141 1169 Theoderico
1174 1112 1469 1189 episcopis
1498 1110 1680 1170 habet
1706 1113 1765 1169 in
1797 1111 1967 1169 chro-

144 1195 279 1252 nico
312 1196 731 1270 episcoporum
745 1193 1182 1271 Lubicensium,
1215 1193 1390 1254 debet
1415 1194 1653 1274 quidem
1669 1194 1962 1273 Arnoldo,

144 1275 254 1335 sed
281 1295 499 1336 nomen
530 1279 656 1336 eius
686 1296 805 1336 non
839 1281 1346 1337 commemoravit.

311 1360 585 1419 Plurima
627 1380 697 1419 ex
739 1359 1022 1419 chronico
1067 1358 1326 1420 Arnoldi
1363 1361 1571 1421 hausit
1601 1360 1967 1420 Albertus

144 1443 205 1502 K
211 1447 457 1504 rantzi
470 1464 555 1504 us
586 1446 647 1504 in
678 1443 1020 1522 Metropoli,
1063 1443 1409 1524 Wandalia,
1443 1445 1738 1505 Samonia.

310 1527 620 1588 Laudavit
646 1528 973 1588 chronicon
1012 1528 1297 1589 Paulus
1327 1530 1488 1589 Lan
1500 1532 1669 1608 qius
1700 1532 1760 1588 in
1797 1529 1966 1588 chro-

145 1613 279 1669 nico
313 1611 554 1672 Citiensi
584 1633 640 1671 a.
678 1615 833 1674 1189
866 1617 924 1671 et
957 1615 1132 1674 1198.

146 1955 473 2023 INCIPIT
525 1957 947 2026 HISTORIA
992 1959 1367 2026 ABBATIS
1413 1959 1963 2028 LUBICENSIS.

430 2133 850 2195 PROLOGUS
898 2134 1176 2196 OPERIS
1222 2135 1675 2208 SEQUENTIS.

310 2274 550 2336 Domno
583 2283 642 2337 et
669 2279 844 2354 patri
877 2277 1154 2355 Philippo
1177 2279 1688 2358 Racesburqensis
1728 2279 1968 2339 ecclesie

145 2360 398 2419 antistiti
428 2366 487 2420 et
517 2363 811 2421 universis
835 2361 1055 2421 ibidem
1078 2364 1381 2435 fratribus
1409 2362 1738 2436 Arnoldus‚
1769 2383 1967 2423 servo-

144 2461 280 2501 rum
296 2442 410 2503 Dei
437 2444 707 2523 ultimus,
727 2443 993 2505 debitam
1022 2448 1083 2506 in
1099 2446 1336 2507 Christo
1360 2449 1772 2506 reverentiam.
1809 2447 1966 2521 Quia

148 2524 617 2587 bone'memorie
650 2528 1010 2589 Helmoldus
1049 2530 1343 2590 sacerdos
1386 2531 1674 2589 historias
1710 2529 1783 2589 de
1830 2531 1966 2590 sub-

149 2611 384 2669 actione
412 2629 517 2668 seu
548 2614 862 2671 vocatione
893 2612 1257 2672 Sclavorum
1302 2619 1360 2672 et
1396 2619 1565 2692 qesta
1588 2617 1964 2692 pontificum,

147 2711 406 2771 quorum
451 2695 746 2753 instantia
790 2695 1031 2755 ecclesie
1072 2696 1295 2755 harum
1342 2700 1655 2774 reqionum
1703 2697 1967 2756 invalue-

145 2781 307 2854 runt,
339 2775 535 2837 debito
567 2780 700 2856 fine,
731 2783 802 2837 ut
825 2778 1032 2857 voluit,
1062 2799 1185 2839 non
1215 2782 1673 2858 consummavit,
1706 2780 1834 2839 Deo
1867 2800 1967 2839 co-

148 2865 434 2935 operante
461 2860 600 2920 huic
631 2864 799 2939 operi
827 2861 919 2922 vel
947 2862 1149 2921 labori
1177 2865 1451 2922 insistere
1482 2862 1868 2942 decrevimus:
1902 2868 1973 2922 ut

148 2948 277 3001 tam
301 2945 405 3020 pie
431 2943 762 3005 devotionis
793 2951 1219 3023 cooperatores
1261 2949 1571 3006 existentes
1601 2949 1810 3006 vestris
1839 2949 1967 3018 suf-

147 3024 291 3096 fulti
314 3028 695 3088 orationibus
718 3031 1075 3089 memoriam
1100 3032 1161 3089 in
1186 3030 1589 3089 benedictione
1610 3032 1965 3089 sortiamur.

155 3106 322 3168 Unde
351 3128 642 3187 royamus
666 3111 1059 3188 prudentiam
1087 3119 1368 3192 vestram,
1401 3133 1473 3173 ne
1503 3116 1850 3173 tenuitatem
1881 3115 1966 3172 in-

144 3194 305 3271 9enii
347 3194 542 3251 nostri
579 3193 670 3252 vel
697 3195 1022 3255 verborum·
1048 3199 1450 3257 rusticitatem
1481 3196 1830 3276 attendatis,
1860 3194 1968 3256 sed

150 3277 430 3335 caritatis
460 3273 853 3356 devotionem,
899 3299 1011 3358 que
1042 3280 1338 3352 confundi
1381 3301 1503 3340 non
1544 3286 1821 3358 meretur,
1856 3281 1967 3357 pia

149 3357 632 3418 consideratione
670 3359 1019 3421 advertatis.
1080 3363 1188 3422 Ille
1232 3366 1443 3424 etenim
1473 3366 1565 3423 vir
1606 3365 1852 3442 sayacis
1882 3365 1967 3423 in-
