2193 3641
201 183 549 245 ARNOLDI
593 183 990 246 CHRONICA
1038 181 1482 243 SLAVORUM.
1551 180 1693 241 LlB.
1734 181 1775 240 Ι.
1864 183 1941 244 23

116 350 346 429 Accon.‚
392 359 453 410 et
498 350 579 409 ita
612 349 969 410 valedicens
1003 349 1315 408 omnibus.
1363 348 1549 408 etiam
1587 347 1741 425 suis,
1785 350 2094 410 Con-1172.

117 435 266 493 rado
303 433 588 494 videlicet
621 433 915 513 episcopo
950 442 1009 492 et
1035 411 1325 492 Bertoldo
1359 431 1585 510 abbati,
1624 431 1941 511 profectus

115 525 214 577 est
235 516 647 594 Antiochiam,
678 516 1198 597 prosequentibus
1225 535 1370 574 eum
1395 514 1764 596 Templariis
1799 535 1940 575 cum

112 604 288 660 turba
337 600 547 660 multa.
621 600 940 661 Conradus
986 608 1197 659 autem
1245 599 1582 680 episcopus
1619 600 1943 678 egrotabat

111 681 507 761 infirmitate,
561 702 682 762 qua
728 691 790 742 et
840 691 1120 742 mortuus
1169 690 1284 743 est.
1361 684 1513 745 Cum
1562 691 1773 741 autem
1818 684 1938 742 dux

108 766 675 844 abiisset,‚doninus
693 766 1024 846 episcopus
1043 766 1308 826 moleste
1330 766 1539 826 ferens
1558 766 1692 824 eius
1708 765 1941 825 disces-

58 874 64 879 ’
112 868 276 926 sum.
326 849 565 909 habens
602 849 791 908 etiarn
839 851 1104 930 quedam
1148 849 1401 929 negotia
1447 849 1502 908 ei
1543 848 1937 928 insinuanda,

105 950 252 992 cum
277 934 499 992 abbate
519 932 808 992 Bertoldo
833 936 1078 992 barcam
1106 932 1489 1012 ingrediens,
1514 931 1765 1012 navigio
1792 951 1938 992 eum

108 1015 473 1096 insequitur.
531 1016 870 1076 Crescente
896 1025 1101 1075 autem
1129 1016 1409 1096 corporis
1447 1015 1760 1093 molestia,
1794 1035 1938 1075 cum

106 1097 231 1158 iam
264 1098 652 1179 applicarent
682 1100 757 1158 ad
793 1098 1098 1159 civitatem
1133 1119 1253 1178 que
1294 1098 1448 1159 Surs
1484 1098 1585 1158 vel
1618 1098 1816 1176 Tyrus
1850 1097 1936 1158 di-

105 1180 265 1241 citur
296 1181 582 1262 spiritum
623 1180 938 1242 reddidit1.
1011 1181 1197 1242 Cuius
1239 1201 1465 1261 corpus
1509 1180 1568 1241 in
1617 1181 2115 1242 civitatemtul.17.

104 1265 417 1345 perlatum
449 1264 901 1325 honestissime
934 1273 1094 1325 terre
1125 1265 1518 1324 reconditum
1553 1274 1671 1343 est,
1703 1273 1931 1345 agente

104 1347 450 1408 Guncelino
497 1349 726 1408 comite
768 1357 828 1408 et
867 1348 1001 1408 aliis
1041 1348 1384 1407 amicorum
1418 1347 1614 1426 ducis7
1662 1350 1761 1427 qui
1794 1367 1932 1427 pre-

102 1440 321 1493 sentes
364 1432 631 1492 fuerunt.
699 1432 1025 1492 Bertoldus
1069 1440 1276 1491 autem
1312 1434 1506 1491 abbas
1538 1429 1787 1490 rediens
1819 1430 1934 1489 Ac·

101 1534 292 1575 caron
319 1523 463 1597 post
489 1516 754 1576 triduum
787 1525 849 1576 et
878 1516 1014 1597 ipse
1041 1515 1230 1574 vitam
1259 1513 1458 1574 finivit
1474 1513 1514 1573 2.
1556 1514 1692 1574 Dux
1718 1521 1931 1572 autem

100 1598 222 1659 hoc
253 1598 459 1659 audito
491 1599 768 1680 graviter
800 1599 1197 1659 contristatus
1231 1607 1345 1658 est.
1419 1597 1748 1658 Heinricus
1783 1606 2116 1655 ver01u1.24.

99 1685 293 1743 abbas
327 1702 469 1742 cum
501 1681 657 1743 duce
692 1683 960 1764 perrexit
991 1682 1087 1742 via
1120 1702 1242 1759 qua
1277 1689 1547 1762 ceperat.

228 1798 285 1858 9.
329 1795 419 1855 De
459 1794 655 1855 reditu
687 1795 859 1855 ducis
889 1794 974 1854 ad
1000 1814 1134 1855 sua.
1224 1794 1416 1888 Igitur
1448 1796 1566 1854 dux
1599 1792 1811 1853 missis
1844 1792 1931 1852 le-

101 1877 264 1959 gatis
289 1881 366 1939 ad
393 1879 685 1939 Milonem
712 1879 1093 1940 Saracenum
1112 1877 1136 1917 ³
1167 1878 1432 1958 rogavit,
1460 1886 1525 1937 ut
1552 1896 1666 1958 per
1695 1885 1929 1936 terram

100 1982 282 2023 suam
327 1964 617 2023 ducatum
664 1963 720 2023 ei
767 1965 1068 2044 prebeifflet
1143 1961 1260 2034 Qui
1305 1961 1518 2022 missis
1558 1963 1632 2020 ad
1668 1980 1811 2020 eum
1845 1959 1932 2018 vi-

99 2045 254 2126 ginti
285 2044 434 2106 viris
468 2048 543 2107 de
576 2046 972 2107 nobilioribus
1020 2045 1150 2106 suis
1185 2047 1460 2124 mandat,
1500 2064 1570 2104 se
1615 2042 1932 2124 paratissi-

101 2149 273 2188 mum
318 2149 487 2208 esse,
536 2149 676 2189 cum
709 2130 945 2189 honore
990 2137 1049 2188 et
1083 2149 1330 2189 summa
1364 2148 1520 2221 pace
1553 2147 1667 2208 per
1695 2136 1928 2186 terram

100 2232 282 2273 suam
317 2232 460 2272 eum
495 2214 823 2273 deducere.
895 2213 1072 2285 Quod
1106 2212 1505 2305 comperiens
1540 2210 1707 2270 dux
1692 2231 1753 2269 m
1787 2209 1927 2269 dolo

101 2296 354 2375 factum,
399 2296 598 2356 noluit
638 2317 748 2372 per
788 2305 1020 2355 terram
1067 2316 1249 2355 suam
1281 2295 1568 2355 transire.
1629 2293 1925 2374 Princeps

101 2399 251 2440 vero
276 2376 603 2440 Antiochie
622 2379 666 2459 ⁴,
699 2379 802 2460 qui
835 2399 977 2439 eum
1005 2379 1270 2438 honeste
1297 2385 1696 2457 tiwactaveiat
1730 2396 1926 2436 naves

100 2461 156 2521 ei
201 2462 488 2543 providit⁷
537 2483 690 2544 quas
733 2464 1059 2543 ingressus
1121 2482 1261 2521 cum
1311 2462 1486 2542 equis
1531 2469 1593 2521 et
1638 2459 1925 2519 omnibus

99 2564 220 2625 que
254 2546 522 2606 habebat
553 2548 627 2605 ad
661 2546 971 2605 civitatem
1020 2565 1139 2626 que
1173 2546 1394 2605 dicitur
1435 2553 1652 2626 portus
1687 2543 1926 2604 Simeo-

99 2625 238 2686 nis⁵
263 2628 559 2708 expansis
591 2629 746 2688 velis
791 2638 971 2688 nocte
1000 2638 1062 2688 et
1091 2629 1189 2688 die
1223 2630 1428 2688 eundo
1460 2636 1703 2720 partem
1734 2646 1926 2706 quan-

98 2711 246 2770 dam
298 2718 465 2770 terre
521 2711 684 2771 illius
758 2710 1047 2792 preteriit.
1130 2712 1412 2791 Cumque
1473 2713 1547 2770 ad
1608 2709 1923 2768 civitatem

97 2796 411 2874 quandam
432 2794 836 2876 applicuisset
855 2814 972 2874 que
998 2793 1219 2853 dicitur
1233 2793 1541 2873 Torsult⁶
1559 2791 1924 2852 saracenice

97 2896 245 2937 vero
271 2877 506 2937 Tortun
525 2912 600 2922 —
622 2898 806 2959 quam
826 2885 1042 2958 postea
1072 2876 1236 2937 idem
1257 2877 1400 2936 Milo
1421 2895 1790 2957 expugnans
1809 2873 1924 2934 sibi

101 3017 142 3074 1)
176 3017 297 3063 Hist.
342 3021 399 3063 de
441 3020 556 3064 duce
600 3018 814 3064 Heinrico
857 3019 1002 3063 addit:
1053 3032 1170 3064 anno
1208 3018 1922 3076 1172.16.K01.Av9.,quem

97 3078 234 3130 diem,
270 3077 477 3132 lulii17.‚
511 3087 698 3124 testatur
728 3081 859 3125 etiam
894 3077 1128 3136 Necrolog.
1162 3078 1211 3125 S.
1241 3079 1456 3124 Michael.
1580 3079 1626 3137 2)
1659 3093 1722 3123 sc.
1741 3077 1826 3122 lul.
1844 3077 1921 3122 24.

98 3136 156 3182 V.
188 3135 367 3183 Necrol.
402 3147 590 3183 monast.
618 3139 664 3184 S.
697 3139 948 3186 Michaelis.
1074 3139 1343 3196 3)Malech‚
1385 3137 1571 3184 Ciliciae
1604 3140 1808 3197 princeps
1841 3152 1921 3182 seu

96 3196 356 3257 Armeniae,
391 3199 652 3257 religionem
685 3200 864 3259 quidem
898 3200 1186 3244 christianam
1219 3201 1527 3258 profitebatur,
1559 3201 1638 3244 sed
1656 3214 1756 3243 cum
1777 3197 1921 3242 Sara-

98 3259 221 3303 cenis
246 3268 398 3303 contra
418 3259 681 3304 christianos
701 3261 878 3304 foedera
904 3261 1078 3304 inierat.
1169 3261 1213 3318 4)
1233 3259 1521 3305 Boemundus
1539 3259 1620 3304 111.
1700 3260 1743 3318 5)
1761 3257 1919 3303 Portus

96 3317 273 3362 Soldini
315 3318 493 3375 (Man-in.
527 3320 683 3364 Sanuti
715 3335 759 3378 p.
796 3320 897 3375 174)
945 3320 1080 3365 hodie
1123 3319 1267 3365 Soldu
1308 3335 1388 3366 seu
1438 3319 1677 3364 Souwadia
1721 3325 1916 3364 vocatur.

97 3377 142 3437 6)
175 3378 282 3423 olim
314 3378 496 3433 Tarenti,
530 3382 636 3425 urbs
669 3379 868 3425 Ciliciae.
